03625
02536
04463
06730
05892
05340
08374
02766
04857
08316
05012
01991
05589
00280
02994
05677
01581
02759
08148
07870
07135
05149
05225
02267
07761
01250
02885
01266
05273
02903
00596
00941
02395
01680
04906
03607
04841
07024
03598
04574
06108
00934
01925
02458
01505
07443
01434
06464
06799
04716
02907
01707
02733
08482
01079
00560
04961
01299
06803
06884
02066
07164
07708
01060
03591
06262
03734
07304
07848
02515
02995
01198
05634
02803
03480
03191
01769
01599
04513
07071
00941
08457
02349
04750
07671
08246
00660
05974
02949
08377
05732
01721
05185
08350
04459
00913
07752
02231
01607
02891
08486
05966
03177
01161
02038
02144
08105
00810
05567
01314
06418
07840
03603
02043
02366
07717
01609
03438
00564
03915
05778
03402
02693
02831
05360
06687
07815
05713
03339
00824
01153
06923
06757
08439
04645
05083
06917
03113
05835
00479
00721
02048
02082
00820
06476
00895
05537
04811
03255
01101
08532
02785
04011
01889
07106
02201
04069
07470
01843
06288
07099
01931
03623
07324
04275
07138
03266
01082
03786
00578
05947
00771
05849
06164
01388
06626
04876
08239
03580
06732
06421
06704
03551
01836
05805
01441
04447
08187
01835
01700
05820
02729
01085
05893
06631
00786
07074
01082
00020
02288
05194
04599
07302
03296
08589
00042
00028
01580
05520
03792
04289
07285
01655
00386
04089
03258
03228
06783
01439
05481
01853
00711
08164
02897
02796
00794
07123
04834
00880
05763
07527
01969
07480
06932
06829
08348
07248
00951
02318
02486
01076
06326
07309
05832
06881
06599
07975
07669
03451
00760
08392
01216
02145
03635
06217
05371
06173
05118
07023
02342
06335
06770
04376
06995
07577
02309
00671
00786
00069
02750
05815
07262
06803
06340
05491
07371
06343
03300
04340
05746
05527
01518
05996
01650
01162
04971
06367
00301
07603
08428
01841
05140
05149
02858
04890
04272
06944
05125
01062
04566
04026
05307
06978
02070
03850
01832
07369
01128
01797
07124
08564
06596
07635
03638
03952
02789
00603
03811
06208
08000
02491
00106
02891
01911
08108
03527
02665
05572
00066
07362
02832
00220
04018
04491
08147
04883
06580
05621
04329
02701
04663
08460
00651
00320
04579
03780
06695
04436
07938
01639
00786
01259
01488
01051
02859
08019
04354
02502
00378
02941
00019
02414
03535
05577
07217
00602
07718
05288
00333
07870
05352
02509
04569
05103
01934
03729
07237
01468
03894
00331
06882
01668
01656
03032
05279
02842
04338
01340
07818
03722
07960
04269
00446
00095
00743
07383
07250
03482
01976
07818
05083
01321
06106
05333
07896
07914
00120
04189
04018
05210
00498
00326
03239
03726
02751
02492
04100
04429
07095
02974
02079
04416
01455
03512
05559
07711
05086
06276
00187
02730
01116
04141
05951
06456
06779
07119
00990
07415
04069
03774
02825
03489
02709
08033
06045
05832
07217
01722
06474
06206
01549
07902
04783
06467
03379
05196
06811
07507
06342
03883
08367
03459
01839
05812
06224
01136
01998
07785
05856
07117
02002
04592
06411
08111
02259
02969
03223
01286
07876
08024
01413
03538
07055
07174
01261
05591
04985
06026
05278
05127
00076
05144
04722
06403
06787
00780
05791
06670
04032
07773
05466
05605
02905
01489
01071
02295
06018
00272
03251
04797
01228
02103
03138
06509
07946
06212
02749
03697
04916
03257
04851
07343
01684
00655
08344
00341
04086
06473
00475
02652
05461
04505
02721
07558
05552
01946
06143
02340
05476
04868
04276
05360
04851
03270
07029
07475
04986
07459
06627
07493
05096
01371
06319
05415
00578
00333
04805
07214
02243
07166
08318
06887
02593
06904
04199
04249
04227
01778
02607
05139
05286
05352
05190
08379
03495
00335
00433
02392
04059
04519
02106
00541
00745
06005
08397
04707
08433
02396
03365
03633
01095
06800
01548
08171
06503
01742
08521
00060
04572
01763
06764
08001
01980
05112
02573
04539
01795
03655
00035
08136
06808
02596
08568
08175
05068
00739
01129
06631
04574
06778
08380
03507
07852
03882
04778
03875
01357
05120
00268
05074
04025
02426
02425
02024
04617
07096
03789
00332
00411
02473
08182
07927
05606
07495
08112
01623
01092
03936
03969
00662
01221
03402
07198
04975
01120
02858
06051
07429
00365
07224
07082
03248
04638
03619
07811
05093
05499
03197
07130
08072
08372
03770
02631
06409
07897
08106
03574
06912
07166
07041
06854
05110
02426
06672
04663
07305
05447
07641
06548
04052
07772
04012
07497
01761
07725
06417
00998
01324
04972
03321
06633
01309
06337
00550
03497
02449
04789
06683
03414
04718
00844
06633
02423
06033
07217
01064
07051
07350
03787
05174
03537
05387
06269
06463
05139
06162
04764
04249
07573
06249
01681
05314
03492
03303
04526
07880
03369
06165
06789
03005
01404
02374
08116
02238
07133
01749
02693
00142
07870
05762
05170
00019
07157
02496
01750
02485
01814
07894
06862
03838
02100
05599
04294
08091
04344
08569
01672
05901
02130
04735
03143
05684
00100
01723
07897
03633
03351
03980
06563
06294
05725
01367
05319
02837
07533
00581
00633
03162
06260
07593
01759
01101
01081
07900
03478
06920
05497
04759
07721
05793
02953
03396
07293
00852
06802
01538
00200
07329
00967
03507
01583
04749
06762
07315
02767
04472
08452
01935
04979
05506
00283
02776
06036
05682
04117
08507
06655
04373
05323
04798
05415
03687
01281
08248
01812
04618
04458
07582
04860
04888
08009
04262
07061
06294
04138
07306
05892
03783
02774
01778
07232
08481
00678
02534
00224
03241
06102
05431
00299
08534
06011
05609
01294
05940
03703
00024
03855
07712
06857
03243
05409
00011
05546
01313
01088
07245
05793
00566
07788
02111
04105
02938
06195
07596
01248
03255
00423
00821
07336
00726
00863
03920
03923
00101
03728
07740
03711
07958
00876
02084
06249
07038
02403
07613
00045
01496
07342
01646
06508
07606
00203
04995
08102
05459
00289
06582
07095
08592
02357
01331
01766
00186
00510
07741
02056
01780
07675
06930
02884
07695
06861
02881
06927
04522
06823
08235
04495
05095
05065
06941
06525
08203
03419
00992
08356
03121
03783
07603
02334
01773
03639
06134
06125
02144
01470
05947
02382
05597
02794
03907
00930
00142
02543
06259
01127
03340
06951
03225
04004
06153
05325
06062
07153
00091
04594
06082
03876
08152
00670
06623
01488
01753
01552
01723
01872
00036
07225
07261
08362
01042
05570
07403
03686
03889
08222
00918
03381
02191
07778
04603
03215
01908
05544
07894
06565
03706
01355
06109
04285
00260
00717
08478
05067
06360
00284
07158
05700
01562
05860
07991
05598
02287
08070
07477
01636
01443
07861
01622
03102
03751
07809
05260
08429
07178
03604
03504
05147
01795
07242
00956
07793
01984
07343
04108
06194
03822
04024
02506
01285
03166
08371
07822
05928
08440
07498
02550
05983
00279
04098
00511
06604
05241
01922
07688
00305
03889
03783
01200
05945
03994
04204
00060
04340
02634
08487
03718
07953
00208
00479
03932
08237
03460
03433
01604
02634
04970
00578
07394
07132
03051
05327
03926
00732
00248
00768
00389
08079
05563
04899
02058
02297
06748
01308
04368
08323
08540
03250
06175
04124
05274
07821
06072
05331
06368
08395
01567
01106
03561
05347
08556
00942
03113
04361
06126
06003
04609
03967
06557
00741
00317
07708
07906
03529
02460
06190
01621
06377
00356
01572
07218
05071
01447
05286
00594
03009
04717
04070
02905
03658
06184
06519
02161
01082
01014
07979
00251
06603
05799
00164
06461
05228
01851
04600
07468
01467
06134
04711
03127
00107
06444
08088
02365
01182
07155
08087
02933
06315
05193
00187
01984
02624
07643
05749
01533
05651
01598
02843
05281
04234
01854
03457
00976
03706
03033
07433
03725
04181
05695
02874
00881
05165
04089
08276
04484
02373
04635
00179
00573
08414
07854
05185
06231
06830
06550
07342
01683
03206
06269
06779
03060
05714
01531
03157
00291
08043
04827
02596
00447
00241
05451
06491
05856
07674
00487
00714
04585
04920
08410
06190
07472
03486
04786
01179
00259
00650
06662
04048
06440
07006
04815
08280
04744
01905
03937
01505
00794
06259
07973
04485
07520
07445
05284
08142
08296
04302
03458
02391
05665
03363
03564
00517
07328
04454
05439
00420
05174
01711
05999
01542
03839
08264
05312
01678
04962
07609
08245
07771
00632
01804
00947
06912
03891
07316
05936
06360
01980
08198
01686
02038
04953
05354
07366
05515
06489
07883
05450
05449
08118
08296
02124
01604
04198
07511
00020
03424
06981
01760
02834
06726
08530
07485
03528
00240
06852
07025
05019
04643
07897
06246
04934
06949
07948
07361
05875
04508
01465
03176
07991
07726
07301
05779
07521
03391
07503
04520
02055
05724
04348
07649
00052
07334
00244
04872
03410
06890
04391
02634
00216
03150
05419
00801
07792
00014
02878
06012
01936
00812
02762
02977
05754
03462
08201
07195
00362
08137
04278
02694
04180
04324
00806
01151
05584
04007
07537
06225
01795
00226
02593
02650
03867
08058
03814
04452
04831
05662
06499
01207
08536
00008
00840
07780
05167
03271
04469
03324
07477
05816
00288
04710
03385
08205
03988
00376
06009
02454
08518
01221
03601
00060
06492
01061
04497
00877
02437
04090
06614
07561
03295
05622
02319
04075
07377
03738
02642
07331
06341
05290
02267
06560
05993
07132
07616
01403
02275
07319
01028
04622
03959
06024
06550
03387
07630
05535
05157
08058
06964
03480
07450
01058
05838
08213
06434
00945
02415
01385
04799
05407
05574
06968
05378
02316
03397
06923
00031
03681
03175
01943
05684
08340
01543
07589
07199
05701
01482
08196
03484
08365
04769
05969
03808
00511
06805
02529
07981
07255
05062
07757
04089
02542
03410
00484
03757
04344
08311
06935
05800
05860
01509
03270
02694
07306
02011
06824
02288
00364
06316
03007
00417
05947
06757
03410
04066
07682
00671
01676
04834
06759
01923
03314
00182
02550
02583
05993
01961
07496
08595
04045
06296
04152
07464
04071
07525
00630
01702
06878
03693
04877
07064
05854
02312
04847
01791
05014
01229
00424
00143
06419
07431
02111
02442
00178
04248
08537
02063
01499
01873
02712
01223
07257
05771
07041
06156
06894
04437
04459
00326
02235
07370
06667
00411
02652
01742
08053
08593
00170
00541
06157
07067
07963
08232
07043
07111
07124
06461
03620
02416
08046
01201
05869
01621
05718
07317
00163
06229
05943
02131
00910
02853
02386
05107
06436
02623
01573
05030
07553
05880
00706
04990
04804
07351
04102
04232
07413
01053
01962
03791
05467
03517
07806
06390
04058
00530
01145
07170
07657
02839
01565
06922
00850
07655
08160
01988
05002
02178
08109
02413
07488
06352
00033
05780
00827
08029
00249
06099
03755
06673
05032
06435
06346
02491
03831
02364
00772
08345
03909
03158
01344
05583
06926
01862
06211
06009
05384
04296
03410
04127
01168
02054
03829
05452
06427
06386
00284
02050
03057
07342
00249
05215
00027
03165
07692
08228
02109
03781
02653
03935
00679
04372
07868
08351
08221
03380
05229
02239
00735
01125
05112
07170
00443
06725
07620
05273
07061
03430
07427
04443
02480
05612
04689
05010
05967
08465
00382
04446
04540
01183
01875
03760
00890
01642
06953
05109
08270
06992
04893
02189
04256
07653
00335
07119
05848
04487
00570
00891
04427
02834
02022
07603
06604
08057
00769
04519
01543
01459
03420
04979
06849
07590
03321
06055
03251
01090
03491
02724
01261
00108
08574
01726
06032
04005
04213
05354
00772
01743
08154
05701
07528
04852
06656
04518
04623
07962
03516
04009
00655
05159
01842
04353
03926
05141
04436
03801
06637
03082
00877
04104
01582
06710
08476
00327
06178
06322
04844
07487
01059
06690
01952
03124
02688
03726
00668
08512
01615
03931
02710
04885
01004
07649
04979
08539
03560
07688
06047
01794
01221
08148
01900
03685
03886
01314
04115
00979
01019
00790
04633
06411
00953
06947
00224
06107
08048
01005
08327
06773
05519
07519
08524
04311
04610
06348
00533
02205
02851
04484
08590
07822
00583
04325
00404
03239
04095
02787
03000
04095
02014
01174
06000
03745
06074
00822
02991
03367
06220
05830
07820
03298
06762
00634
00513
06771
07892
05974
01418
06580
02299
07772
03165
07376
02373
02201
05617
03931
06614
08133
04262
06767
05800
02078
04364
01837
06395
02112
01464
04908
03671
04283
02449
04137
01254
08560
02929
03420
03399
05505
05663
08370
06637
00461
04705
01836
03838
08372
05654
08268
03191
01181
04081
04591
00269
05810
02906
04955
03510
05596
07695
03486
04294
08577
07272
01032
02606
05798
04928
02695
04318
04162
07823
01653
04835
08226
06141
04432
06004
06978
08432
03533
08366
02606
08158
00538
04392
08589
03566
08271
03712
01847
02113
06104
04876
02971
01822
07322
08277
08112
03651
04695
03398
04990
02512
05800
05698
04719
05517
03366
05675
06983
06219
08420
01223
00429
05736
06133
01373
03605
01036
01149
06942
00844
07961
05551
02766
07495
06455
06283
04809
04208
05701
07881
01018
01343
06788
05391
02695
08265
05741
04826
01896
02935
07371
06540
02951
04357
07467
01443
05177
03653
04512
01226
06162
01623
02659
08174
03047
00472
07735
08495
04413
04909
00146
07737
00327
02242
02456
02102
08204
08171
06514
01866
00519
08325
00228
03338
00424
01290
05275
00921
01600
06632
07349
08233
01642
00141
06043
06930
01844
03553
07497
02731
00213
04072
06911
03610
04472
01075
00344
05697
03175
00017
04879
05959
07483
07623
08289
02576
00407
02057
08069
05891
03733
02940
03504
00582
01480
06698
07230
03695
03497
05032
05283
07273
02740
02047
05455
04457
01546
00405
00511
02925
00938
03616
03528
02736
06409
06663
03599
02988
05553
02941
02900
00860
06029
08387
03397
03165
04426
00040
04671
02729
06968
00831
06239
00927
05424
07974
07726
04874
01521
04150
02115
04780
04123
00788
00226
08271
02300
00011
00858
03945
02280
05827
05764
03329
04643
06490
00296
08594
06786
04733
07058
01763
07264
07932
02145
01024
00340
04775
02760
04776
02360
02249
03838
06364
05140
00224
02104
01281
06561
04021
04590
07274
04570
03070
01666
00998
04084
05733
08332
02393
03558
03589
06251
05841
03923
06393
03631
02096
00356
08337
05962
01112
06459
05297
04125
06120
03619
03264
03918
05818
00419
05130
07998
03966
08297
03666
07097
06038
05843
07984
04591
05071
01800
02571
02287
06129
07205
06747
04171
04835
03188
06733
02463
02534
05775
04500
02203
08212
05546
02240
04968
00045
06511
01350
01423
01678
04770
01876
02757
01918
07429
00655
08219
08214
05678
03131
03857
02077
05027
06518
00515
02021
08296
02289
03723
00646
05272
04052
05926
05220
08327
06909
00243
08095
01232
05477
04981
04607
06346
00895
00778
02138
07477
06214
03373
08396
06971
06538
01726
05802
03281
01566
06792
06587
04940
02449
03363
02059
04753
06311
02472
07540
07141
05443
06818
07740
02347
03867
00708
06534
00580
01296
02877
05005
04024
02425
07824
05524
07490
08187
01912
00331
06178
03511
04697
00503
06180
03456
06682
04977
05222
00591
06374
01505
02711
05149
00833
02199
02555
02476
05840
04981
05787
01554
06889
06940
05753
08251
02602
07930
03809
08450
00821
05653
04667
00221
07625
03247
05844
05362
05860
00446
04580
07953
06836
02438
06283
05967
04973
07557
00877
04451
02596
01218
03661
02938
05850
08163
03749
04386
05509
00162
07499
01500
06384
04036
06367
04851
02507
07742
03873
04348
01341
05908
02391
02321
06085
07143
08156
03878
00521
04769
05588
06110
05693
07416
04164
02306
06133
04701
06079
03944
00606
06921
05251
08133
08086
00651
04699
08479
05612
04928
07893
04401
08410
04655
02586
02915
00023
01696
00182
04445
01929
01632
07637
05352
06967
05331
02982
01361
03725
01951
00188
00787
04633
04489
00919
03976
03266
05415
08594
00635
04592
01361
01717
02781
03342
00260
01146
03347
00044
04725
03157
02624
02449
07782
04796
02660
04382
05080
00782
03880
00254
02589
05704
07845
08297
07416
04370
00209
03256
07340
04384
06901
02450
06742
03573
06973
00949
07767
07858
04972
04017
02434
05340
07148
08286
00919
08340
05903
06277
02009
06104
01750
01212
05690
03374
05691
06435
02689
07664
02308
06388
02549
07563
03495
01104
00761
03553
01244
08052
05068
01415
02236
01578
00003
05665
01884
07459
00454
02337
05406
04674
02756
00391
07548
07476
00811
02610
05249
01004
05856
06053
04390
02435
01095
02013
05510
02604
07440
01142
03271
01733
06910
02924
03349
04234
02621
00767
01709
04836
01680
07649
02675
02959
07892
06969
07128
02817
06012
00698
05251
01749
02489
01109
02707
04120
04806
05218
06262
06667
00878
00982
03233
01894
02626
01870
04749
01438
06203
06162
02314
02182
03568
02229
07699
02369
05261
05249
08573
03431
02752
01383
00189
04949
01209
00644
06733
03375
05229
05487
04323
06961
01047
00494
04983
05227
01076
05641
07782
08562
02001
02342
05583
03115
00291
04603
02154
04883
05907
00523
02584
03786
05884
06023
06819
02519
06530
00598
02475
06308
04289
02719
02073
04345
06151
06155
01404
04966
01255
01784
08037
06402
04731
02719
07785
07793
06213
08447
00180
07731
02946
04219
02084
01687
06539
07398
05345
00062
05186
05095
04470
05004
08470
03863
00740
08568
03266
07263
05276
02613
06432
02455
04591
00170
01653
00041
01348
03252
05009
01276
02860
07411
00614
08165
05222
02129
05251
02487
04058
05135
08164
07859
01524
07306
06239
04843
08295
06978
06413
07624
05772
04092
00130
08531
02502
07781
04316
05448
08250
01926
02764
06207
00376
02064
02324
01765
01488
00701
05750
04391
06572
02134
01316
08230
01481
05178
08449
04654
02504
02619
00946
00920
04591
04429
01667
06016
06023
04272
07498
07296
06641
07157
03490
03163
00266
06966
03503
02047
06217
05933
01032
07977
01089
00518
08398
02412
00631
01089
04799
00740
01466
05471
06535
05749
01745
06654
02764
04217
08461
01951
02589
05342
04277
04357
06111
07309
03656
08128
03763
06223
02219
03351
04238
04530
03582
04348
00814
00681
04101
07330
00598
02746
06720
02001
05159
06497
05935
00082
07820
03058
05454
00558
04928
02580
03481
03048
04638
08024
07588
06347
08276
00161
01034
01510
01372
06797
04352
01853
04008
07817
06924
00201
07354
07020
03991
03415
01486
03778
08405
01989
05061
00416
03189
07929
06503
01943
02833
08348
04659
08273
08588
02883
00326
01169
06130
05943
00438
06167
04593
03522
04193
00169
03714
01850
01863
04829
03340
03371
06689
08514
07109
05412
05252
00799
03550
01131
07926
01947
03882
03604
06956
00292
01418
03300
04565
01851
04560
02845
02375
05596
06246
02274
01828
05363
02059
07002
02568
01266
06209
04097
01658
04575
06454
04042
06180
07378
04900
02769
03385
05716
04807
05348
07387
03820
06571
07682
04494
01619
06768
08308
01356
06975
07595
04448
08109
06612
02642
06308
00874
07742
06691
07023
05887
04668
01985
05843
07451
06686
02140
08471
01837
06647
07549
02073
06908
06133
00099
07000
05691
08077
06500
01704
01480
00340
01964
01775
06024
06376
05331
04236
04536
05502
04062
01295
03642
07724
02524
06771
04362
03718
02363
03584
08028
04686
08559
03166
05165
00884
08030
00140
04834
07365
00883
03718
02592
00376
02812
05668
05689
02444
06162
02919
01440
08317
08198
04486
06841
08293
06338
06559
04632
06823
00267
04842
03660
00878
08169
07855
00800
06100
06784
06888
03006
00760
08030
07616
06024
00463
04953
06939
07500
06298
03092
02807
06163
06792
04582
06664
06087
05386
06152
06994
05215
02716
03577
03815
00176
00292
00056
06792
08041
05507
00260
03496
05643
04960
00331
05277
04875
03308
08150
04695
06262
08384
08061
03771
02840
04954
00100
02673
06848
06623
08361
05736
04060
05090
00977
05724
07436
06842
03535
06926
07718
06602
02680
07226
01421
01762
03822
04006
02782
01779
00974
02006
08074
02816
00768
00564
00089
05512
04203
07004
00249
04327
00314
07110
04618
02236
07591
06261
06885
07638
03626
08204
03993
03239
03703
06176
06841
02771
03169
04009
05293
03625
01934
01898
02156
03736
05793
06328
04595
08293
08270
01999
01756
05376
02222
07743
01982
07551
03087
07013
04077
02562
04454
01742
00078
08430
02740
05327
05538
04957
00667
06201
06956
06394
03987
04528
07336
07562
06405
08514
00073
05542
00259
06276
03919
03749
00121
06119
06484
00334
02413
08378
01330
07884
00799
05905
07418
05402
04860
03907
04891
06293
03013
03018
07806
05937
03983
04764
04754
05388
02399
04438
03128
05814
03220
05951
02069
05090
01352
07546
07623
02246
05364
06710
08510
05310
02744
01704
04801
03368
03372
01224
04482
03344
02077
02985
06703
06755
02439
06273
05350
04920
04419
01920
04220
04914
08062
00934
01210
04395
01879
06629
04788
04467
08202
05150
03199
06118
04277
00711
01487
08011
06550
06114
02818
04224
03927
00504
05005
05643
02319
06900
05313
07924
07086
03245
00816
00886
00805
00043
06466
01836
04080
03043
02239
02968
04313
06253
06352
02310
06730
03731
00327
00424
04559
07716
03575
04579
03645
08582
07890
04726
03979
05697
05805
00698
00220
05848
06930
05861
04397
02131
03193
06153
01313
03336
02203
08417
02103
06249
00726
01820
08524
00710
08190
01018
02947
08363
01654
06507
08342
00700
03250
02983
04159
06964
01504
04960
00087
03485
06931
02332
03434
03506
06772
05678
02638
06177
06941
04084
00974
03836
00867
04083
05007
04286
03168
06030
03150
04083
06593
03878
04355
08488
00139
05115
05007
06473
04125
02417
01717
07537
06034
01102
02216
05068
07421
02583
03705
01169
03345
07530
03523
03675
03796
02862
02750
02423
04016
05511
04907
08231
02726
02030
01826
04653
07007
07157
06462
00459
00400
00632
06402
01775
06305
07559
03515
04453
00154
07904
06377
07908
08226
04537
06394
00058
06918
05227
02765
08291
01899
04698
03800
03837
05304
00417
07967
03727
05818
04586
06970
07791
05245
06947
08033
03267
06940
00220
03646
06872
00942
01701
05183
02934
06653
04013
03327
00013
06372
01997
01465
06896
06332
06427
03840
07871
06835
02738
05485
03050
01850
03054
08197
06473
01185
00893
03030
01618
02401
06753
01231
02018
03525
05426
01793
07404
02574
01353
06342
07567
05906
04240
07069
04129
08480
00332
07982
07522
00451
00356
02464
03963
03969
03340
02245
05509
03958
07434
02142
01014
06546
08265
03272
07775
03283
05884
03643
02497
00296
05842
01795
04525
00956
02031
08405
05226
01939
02628
08200
06609
01916
00413
08293
05725
03283
06176
02452
05303
04082
06886
07300
02477
00603
02977
05415
02634
03005
01621
00632
00273
03696
02499
03714
04243
05982
03016
02118
01016
08537
04573
08560
00794
02427
08272
03607
07317
05998
05119
05095
07378
07008
02452
05885
08027
00034
06508
02174
04065
03205
07722
01604
05993
08226
01945
04038
05493
02005
03534
06707
00638
01669
07588
01339
00983
06091
06512
06578
06141
04516
00917
03282
07275
04324
05370
02212
06466
07417
06895
04002
06294
03553
05759
05972
06843
05417
02319
04765
00462
02972
01701
00745
01392
06692
03284
02021
06181
08423
05251
07707
02867
06201
07413
02241
05774
02258
07251
04605
03320
08580
07573
06967
07294
00852
06945
05915
05229
04322
08386
02041
01539
02814
08449
06251
00027
04209
05697
02930
03968
01149
01220
04326
06538
07202
08403
04256
08487
03615
02563
08357
04880
02577
04443
01921
00164
01658
03730
01005
01067
06953
07277
00488
06944
07017
05918
01605
04722
06969
04304
06318
02852
00528
08255
08549
02943
06771
02373
00187
00737
02269
00054
06479
05231
06178
02709
06828
05446
03831
07063
07383
06591
04105
08357
07052
02385
08400
06968
00268
02513
06792
05421
03629
08036
00533
03360
07038
05685
02752
08484
07957
03705
08418
05088
01576
06368
04475
02278
07836
02558
08295
08237
05365
08471
07695
01918
06938
04762
04416
03587
03700
03148
05617
01283
01643
06749
01110
07827
04301
00088
05252
05655
05908
07891
02289
08205
04171
01823
05001
05698
04357
03625
04847
03958
00297
01943
07214
02603
08438
04254
05227
02667
04959
00456
07738
05079
04980
00107
07745
06572
05717
00756
05644
06623
05971
08331
04446
01345
02948
05392
01848
01470
04146
07483
01882
01144
08058
04985
05739
03024
04564
00098
07487
07428
04027
01624
06780
05100
04227
06730
06432
02487
01554
05334
08411
06611
02765
03253
05797
07153
04000
00367
01972
04414
07225
06704
01043
05749
02441
06923
03994
01882
00056
05250
07086
03658
01516
06648
06006
05535
03062
07989
07841
01904
00841
03505
08103
08436
07511
03332
03930
05239
00690
00969
08024
07685
03364
00235
03664
05155
03980
05376
07335
04101
01718
05434
06894
03362
02557
05796
04186
06907
02799
02570
08511
06075
02501
07745
03329
01449
06014
06013
07425
05680
03967
06737
06537
05639
04865
02425
01716
05012
04982
00028
01397
06060
05289
03990
06674
03854
05778
04641
01084
00989
01803
06147
07486
02564
07827
06866
07392
08276
01420
01116
00375
04016
01506
05516
02082
07450
03490
02574
02260
02934
05124
00796
02225
06228
07511
00537
00038
02483
07688
05202
07954
00001
05710
07285
00107
05655
08022
01513
08246
06201
00038
00045
03839
04299
06591
05253
03521
02911
02244
06830
05490
04676
01921
08267
04598
02512
01090
03800
08591
00789
02530
06060
02054
07954
02613
04267
06664
03776
01034
07153
00872
00741
06232
05051
08061
04574
06619
00848
02840
05004
05707
04893
02452
06249
04010
06837
03097
01301
05048
00559
02743
00641
05989
03281
04804
00524
02362
05163
04267
05835
02364
08318
06713
03011
05038
05548
03365
00467
08113
06001
04171
06757
06027
03486
05492
03155
01050
00622
07670
06326
02387
07034
07628
03561
04020
05167
07698
05316
01321
07207
00095
01469
07799
02485
07310
06280
07243
05666
03915
04519
02094
01164
02319
08045
08440
03662
00416
01685
01181
07059
01233
07208
02512
04068
07977
03778
04555
06553
01194
04862
02560
06556
01128
01256
06919
00313
00939
03832
01341
08321
05051
06303
07013
03206
06432
01361
04174
05241
03507
03922
06120
02087
07021
04534
00707
02938
07106
01625
07439
04396
07800
00293
02826
01190
03082
01153
05161
03766
04316
04390
05751
04727
05698
01501
02795
08218
07913
00052
00120
01531
05890
03496
03950
03622
03375
00261
00417
00112
01819
05544
03363
00498
05002
07725
05715
05080
03033
04580
00425
04200
03644
07927
00412
04702
05683
08270
04386
06181
03824
03139
01084
02927
05639
03178
04540
00005
06690
02296
03051
00690
06592
01109
02715
00737
03682
02059
05070
00664
07314
03086
06130
08228
05528
01422
08545
03636
00994
08103
02281
04625
02446
00858
05716
07794
06216
01900
06573
01239
05371
04628
03968
03124
00454
08354
02396
08365
02524
08571
08329
05696
02775
02657
06304
04445
02787
01047
00987
03954
05547
02930
01329
07164
01634
06268
03262
05632
02975
00290
02053
02264
03374
05852
07451
00897
02247
08197
06522
05208
03470
02536
04254
02677
05918
03418
01983
02640
07522
05871
05780
06023
03874
03589
07336
01057
01038
05445
08084
06669
08250
08160
00169
00220
07606
04909
06648
05766
08513
03536
00632
02568
06305
03055
03354
05130
03178
02582
08509
00071
05897
06666
00713
00126
05939
03899
00146
02845
04279
02538
00283
07437
04228
06986
04372
01224
01192
00779
01418
05407
01175
01001
07290
02648
03996
04195
02041
01869
03439
02543
04747
06520
02523
02459
02590
00162
07115
08127
04154
02923
03400
07502
07415
01635
08473
07196
07075
03615
01520
02081
05191
01000
05341
07058
05740
00477
03753
07481
03975
07120
07505
00739
03631
08454
02181
03471
08207
01072
05500
06263
06012
04287
01414
05159
01148
04460
01774
03618
04577
03493
01033
02867
07217
01732
07103
03225
05243
08121
02317
00012
08152
05920
07285
01964
02292
02229
03539
07394
06472
01948
00180
07861
02373
08453
08533
06230
01958
00036
06517
01800
05634
05935
01368
04342
01197
02816
00513
06145
06443
02442
05884
01233
07728
03625
03389
03896
03615
04298
06024
04974
03964
08042
07190
01271
01552
06018
06024
07537
05817
02063
01676
04234
03467
08560
07593
06262
05448
08128
08144
00117
01287
03492
06025
03811
00331
05007
02511
01506
01723
04856
08049
05474
02945
05485
03118
00760
05546
02137
07484
01436
07001
08400
01909
03964
03272
01204
00663
06454
01492
07232
02031
02691
05395
02497
01921
03735
02213
02989
00598
02605
02740
03443
07962
05384
01402
06058
03408
03484
00973
01982
03557
06210
06330
05181
00942
06818
01203
04959
04055
00851
06990
07252
06305
07854
03468
08487
02679
07073
05129
01832
04302
00383
07743
06928
06814
02820
04002
01141
08017
05110
07856
00085
04030
02960
07215
00712
05026
04272
08522
01766
03061
07296
01698
00183
03908
05498
04461
01169
05465
05628
04037
00020
05491
01730
00071
04418
05178
08483
05230
02794
04491
06172
01381
03651
02932
03537
02174
00598
01222
07634
08265
04828
03004
02042
08411
04118
04380
02370
02986
02572
01864
04876
07187
07717
00929
00516
01441
07877
03482
06025
07483
00956
08580
01337
01600
08155
03155
07738
05761
05754
00308
07061
01819
04165
05473
07276
01183
05349
03395
07460
00624
06706
08219
05342
05201
01494
02869
06728
01712
04277
01585
01841
04531
07777
07503
02449
01677
05210
01966
02174
00533
04946
04090
00491
05228
08246
06520
01971
06289
07120
01926
08563
07330
00409
00340
06966
03345
08189
01953
06730
07313
02623
01876
05287
08467
04267
06104
08384
05689
04578
05058
04866
06750
05712
04490
07577
01249
05417
05732
04370
08156
08586
01442
02731
04789
04061
04680
08247
05976
02300
06995
05189
06318
02934
04750
07248
04207
01631
03211
05146
06352
02537
04891
06977
01576
08217
04970
07411
01045
07708
02874
05302
06790
04265
05386
00704
05068
02072
04362
07773
05650
04647
02662
03351
07526
03270
07533
02592
04267
08408
07229
00603
06948
05602
03108
06880
03239
03736
04933
03918
06668
02419
00285
07818
02177
01511
07042
07782
04163
01688
00039
03853
01795
06660
04726
03851
02995
02707
01011
04162
00067
02116
02504
06871
07364
07458
00658
06554
01279
07179
03047
06524
03995
06648
03155
03619
06466
03480
05990
06265
03303
07392
05971
01763
06895
03101
05639
05221
01177
01058
03812
02531
04986
02797
08394
07402
08393
05915
06225
05796
07012
04228
04893
02563
02685
07305
08270
04165
07141
01402
02426
03741
02540
03108
01346
00194
06578
06816
03958
02369
02420
03142
04909
01622
05918
01544
08134
07656
04297
07315
00236
00058
03386
01320
08105
01453
06847
02346
04474
00091
00966
06359
07947
00350
03644
06673
07887
04223
06847
06887
01493
05875
03761
06092
04202
03544
03201
04561
06552
03421
05720
05646
06712
05263
01340
03915
02273
03639
01692
04813
02940
04441
08217
06133
05027
03032
07645
08130
00438
01941
04388
08566
08578
03695
08075
08326
04191
05604
00273
01035
02372
01685
00872
04190
03736
05487
02416
06529
06528
05086
03425
00248
01624
01892
02802
06254
05480
03455
04427
04475
04117
02089
06163
07979
01640
01881
05727
06754
01759
05071
06040
01852
03318
07348
00432
04961
07002
06679
04256
00469
01410
05628
08129
07982
05378
02440
05093
06382
04301
01184
06905
00737
07238
00910
06370
00480
00691
00773
05240
00187
08367
00580
05915
07262
05666
07478
03577
01146
05888
06427
06842
01972
03451
03151
02144
01123
04421
02744
01078
00739
03286
06021
05019
06006
05725
01409
00795
04602
00999
00391
05555
08526
01594
01368
00583
02398
07997
03920
06369
04358
02030
06078
01576
03362
06407
06954
00443
00932
03118
02161
01992
03343
03911
08195
07262
01040
06088
04870
01451
07853
07593
03203
00147
06886
06589
03782
04822
05591
08378
07340
03556
02727
07033
00813
02319
04851
05090
04288
03821
05908
00416
03710
07593
06079
01300
08566
00317
07379
05073
03096
00870
05501
01267
06501
00092
06319
02180
03283
07421
05191
04757
02271
03469
07067
05149
03507
07595
02099
02801
02919
01171
00591
01608
06163
05003
06311
00682
08075
03173
02481
07037
04899
00400
07701
00571
04202
08107
08181
03379
04595
01319
05936
04506
07661
00208
00374
07430
03549
04904
06141
08423
07866
04112
05473
02322
03462
01948
06875
02275
00420
01417
01776
02455
03108
05285
01930
05436
02388
08163
03557
04613
03697
03930
03463
01189
01851
00250
01234
03871
02446
04098
00254
05112
07116
04680
07159
00506
02632
04366
08262
00109
06574
01845
05667
04796
05031
01193
02496
02306
02944
00681
01209
04831
05897
03273
02936
03402
05003
08006
08149
07029
03251
01141
04842
03288
01579
03104
01804
04659
06200
04358
00645
00827
04174
01694
03279
07320
03439
05960
00307
00681
07786
05064
00760
03348
07024
06167
03655
06742
05194
00456
01042
07259
06311
07076
03525
06683
04490
05123
08292
03001
00967
01920
03180
06529
00198
05855
06343
03350
04192
08101
06575
03741
01607
08140
08219
00169
03922
05266
05479
07580
05973
06973
02581
04094
03583
02109
08282
05941
05877
05142
05492
04546
05892
06096
03359
02188
01940
05245
03967
05579
06311
06342
07119
00162
06697
02010
01824
04938
04130
08548
03501
02928
05278
04472
02259
05954
04990
01458
04702
05715
08016
04196
04351
05000
00817
07978
05546
08510
07530
06522
07707
03290
02664
01341
05456
05221
02821
02197
03914
07322
01221
03275
01205
04646
02819
00270
02263
06202
06633
04993
00141
05279
06998
06977
04481
05672
00218
00177
03736
03525
01286
07549
07216
08105
01902
07552
07398
07841
03504
02154
08549
04182
00958
01225
06643
03514
00910
00890
01805
01532
04836
03548
00139
04127
07445
00330
04814
03613
06188
04291
06590
07699
08202
05248
04104
06650
05542
01777
06773
03074
07548
04412
06534
05410
04514
01155
07506
02776
06149
06800
01666
02145
00114
01552
05236
05782
02272
01874
07099
00364
01443
07275
05752
03262
03660
07623
04618
01713
04707
05405
00360
02692
03895
00055
05439
07105
08068
00005
06736
08405
03899
04941
04065
03504
04063
05145
03099
06960
02763
04222
06291
02625
00466
00292
06666
01681
00894
02606
04519
06811
02482
00144
05613
05779
08211
00784
02663
05288
02465
00307
02503
02835
04195
00973
01718
06499
00024
02508
01661
05642
07978
06441
08266
07087
03077
00588
02719
03841
00654
03267
03213
07132
07734
08382
04510
00659
04798
05626
06743
02827
04788
06185
06420
00976
07083
04490
00069
02758
08121
04242
04302
01422
07145
03095
01773
04699
02689
05453
03324
08504
03295
05063
05047
08008
01284
03643
05327
05929
08090
06330
06525
05261
00506
03586
00970
05431
03302
05931
06395
04855
02621
00394
01906
04394
02316
05405
07559
00081
00226
03172
03461
08155
01756
02344
01577
08466
05951
04531
03038
01896
01893
01475
05900
04651
06982
04644
00519
06108
04423
07857
02147
07280
05920
08431
08500
00161
02104
02862
04260
07372
02147
05589
03910
03919
04363
06297
06448
05679
01652
02217
06101
02459
01577
02817
02784
05705
02853
02434
08541
01187
05220
01490
06017
06118
07304
08573
03674
04271
01199
01671
02088
02737
03529
08532
07227
00879
05727
03447
04134
06882
06359
04403
01361
07176
02772
05569
01141
07234
02826
01871
02737
05761
06352
01065
05033
04412
01574
02823
02790
02280
06710
03603
05288
01244
01735
08341
00759
05319
03012
03389
04610
00025
03771
00484
04278
04355
03001
05999
08456
00051
03538
03968
05606
06096
00319
07939
05624
02399
05560
06051
08260
03248
07241
01519
05439
06064
07074
06492
04935
00699
08493
06303
03269
00765
02452
00191
04304
03822
02707
00165
00860
02784
07697
02618
07418
06478
03940
01651
04233
07755
05250
00819
02618
03003
06068
08157
06241
06434
08469
08260
03567
04615
00752
08266
00373
04741
07071
03785
02411
02190
05360
05881
01086
07484
05362
05239
07335
07958
04205
05110
05736
01499
02983
08276
01458
05790
05579
07036
05235
07886
08325
07899
04859
06448
02944
03617
06557
04211
02368
06127
05746
05296
00307
02199
05296
04452
04225
02348
03282
02284
00581
04735
00962
04764
07244
04178
02026
03796
05915
00181
00143
04551
05469
03916
05078
03193
08553
02817
06361
08060
00698
01139
00858
05407
01464
02138
00432
04556
08387
03949
00215
00900
01912
08450
00610
03130
07341
00786
07164
01352
04846
05599
01931
02682
00962
02570
05454
00317
01487
04357
02509
03955
02433
04658
07935
05343
01698
06878
05881
08319
03212
02534
06602
03466
04570
06748
07588
02856
04149
06590
03364
00464
03217
06955
07251
06930
03503
08554
05765
07562
02550
06218
04334
08197
07891
01976
06964
04300
07143
07192
02672
01754
02183
02827
01238
03155
06039
04464
07980
01355
06800
04010
07288
03464
02945
07919
03321
01013
06065
05473
08160
06619
00490
07562
00727
01014
02433
03216
01663
06410
06106
00451
05688
07353
01753
02311
01817
05498
08315
07347
00143
07086
08155
06172
04474
06202
07248
07726
02707
02972
05243
01025
01034
04949
02239
06860
07901
07922
06777
07952
05178
04798
04119
05059
07909
00087
01637
07472
05661
08195
01770
05264
06328
04607
06945
07759
01311
05003
03060
07405
07405
08182
05546
05199
03113
04722
05497
02409
00218
08116
04127
00211
05354
00418
00522
07829
00659
02417
05432
02560
06534
08345
07552
04843
07187
06887
06999
04687
03475
02712
05903
02583
06233
01749
02674
07775
03255
08008
02964
08160
03540
02680
06542
05820
06611
05036
07087
00013
08551
06538
02261
00565
07426
05043
05889
05489
05005
02893
01273
02455
02762
07852
00911
03585
02957
04942
05158
04125
03465
04137
08548
03090
08030
07876
04995
08185
06560
08399
06394
04733
00932
03311
07969
07033
02715
05210
02074
05805
06401
06219
05130
03789
03975
05379
06510
00774
05540
03485
02339
01340
07522
07147
06870
04317
00437
06994
00122
07164
04575
05207
03967
00388
03902
07020
04751
07721
02846
04275
07517
05076
02979
02438
00519
03979
06783
08249
05082
01890
06578
04429
03236
05642
02720
04777
02180
04964
01588
07855
01037
05227
05330
03600
08034
02331
06081
04509
03940
06657
04207
06115
07215
00713
03975
06026
01643
03326
01870
06666
03061
06114
07340
07675
06421
05570
07661
02367
02627
08132
03287
07350
08467
04296
04366
03910
04999
07880
04906
08501
03860
03734
06746
00709
05604
08304
04826
04066
02242
08338
06352
06667
07949
07001
02149
01082
02899
03511
08182
00626
07551
08304
03202
04796
00334
03744
03022
05342
07075
01510
06588
07753
05402
00401
04299
05125
05561
05382
00919
02563
03114
00171
01689
06014
04061
06219
04553
06087
06250
06951
02375
02900
02413
05205
04546
04925
01458
02263
03688
05386
02728
05674
03163
02484
01818
05057
07117
00231
03848
02694
02658
04312
03828
01885
03716
02641
01688
07965
02884
04278
04061
04364
07724
06259
08391
08014
07138
07780
04324
04369
03510
04696
03347
04399
01292
05483
07329
04585
01085
04807
05710
03093
01032
01638
04110
06332
04222
04007
05820
05195
00683
02018
03681
00587
05264
08282
01898
06719
07966
03710
04944
03122
00997
01323
06472
07066
05754
01114
08347
07917
04447
04009
07760
01926
05036
00441
00444
04564
08539
02028
08532
05112
01929
07104
02705
05920
04144
01149
05835
02669
01690
05119
06745
05445
02865
05871
00275
00462
06585
07716
08523
05776
06134
04970
00008
07494
07290
05805
07754
03873
01431
00404
03980
05136
00290
00716
02106
07263
01952
05416
02564
06219
06179
05954
03619
02672
04261
06425
01481
08319
06830
03231
05053
04224
06840
03501
06699
01511
07718
02773
00658
00150
03805
05851
08239
02935
04331
05370
04416
06532
01716
01759
04842
04094
05436
07244
05027
02550
05222
02619
05572
02986
04155
02324
03718
05335
07039
03901
01830
00448
04933
07078
07099
06937
01010
04678
05443
03506
03207
07157
01166
01555
00488
02118
06962
05721
01737
08056
04157
01402
07521
06651
06585
05506
06110
07250
06514
04851
08272
06784
02771
07090
07914
07835
01135
06172
03250
04680
03587
06853
00858
01569
02136
06664
00079
08466
01030
00784
05927
00724
03516
03921
08112
05035
04805
05060
04435
01651
05324
05878
02710
08586
00736
06116
08537
02505
08274
00300
06713
05669
06411
03099
07928
05292
00595
03799
06582
02662
02348
02608
00985
07146
07757
00352
03927
00849
03274
04947
07148
02187
04897
01333
01743
06941
05735
08175
03487
01260
08273
03278
00939
04369
02015
04952
02510
02456
07770
00363
07457
02790
05847
04460
07115
04070
05091
03353
00244
04752
05926
03140
07223
01880
07196
01644
04693
05822
05742
03833
06422
04959
07544
03972
02451
03600
06891
03345
08447
04810
04490
03842
00892
06086
08378
07977
01529
02997
01939
07777
02729
06621
02819
01369
02255
03764
06114
03767
03149
07514
05984
05573
02844
04055
01770
00875
03806
04190
02843
03425
01495
06677
01567
06822
06218
03538
06731
04058
03280
05347
03208
05092
06251
00906
01703
02089
05728
03099
05502
05386
04491
00900
06496
04808
00037
06232
08459
02311
04032
01255
08467
07700
00139
05798
00148
05732
01088
04926
03117
05195
07675
02076
07879
03190
03590
01285
00276
02973
06039
03219
01077
06872
08515
05472
04764
08357
04371
04085
03496
08587
00933
04464
02183
02295
03126
01433
04102
00816
06475
01303
00019
07961
06678
05139
00195
01050
02757
05752
06480
01731
01447
07310
06330
05167
03256
06706
03711
07129
07612
04195
01501
06013
07992
05876
02219
07229
08500
05081
04496
03942
00460
03344
02595
00031
08422
06493
00825
06758
04142
02609
06342
00119
05100
02624
06170
08033
08431
07278
06932
03663
05483
01470
00677
08208
05598
07911
06787
07667
08313
04331
05926
03594
02170
03388
00128
04018
01734
03182
00125
03397
01755
06075
05689
06212
05627
08367
02721
05876
07492
02425
05529
01083
02965
04538
00965
07903
02907
02301
08579
02572
01266
03011
05958
08240
06799
01225
01406
04141
05778
03465
01266
08154
04425
02010
02223
03270
06151
00677
00938
05186
08027
07493
00369
00978
05285
04626
03592
08576
08227
00650
05392
01388
01594
07572
02577
02140
06648
01835
06232
06052
04470
04315
05628
00283
03732
02411
00419
01074
06788
06358
03753
07545
08016
04408
02080
02399
07767
04130
04867
06237
05098
02146
05924
03936
03981
03779
04822
05330
00737
04548
06684
05260
05639
06743
03152
02386
03183
08304
03320
00547
03742
04744
02123
00315
07878
07461
04690
06222
04111
05952
03985
02867
05483
05986
02420
05771
06704
05179
07606
01342
07870
03761
03725
02744
03784
02538
04746
04804
06183
03983
00716
03045
00602
00125
07300
04733
07482
05016
00563
03428
00226
05645
01711
06071
05419
04029
02252
02258
07877
02434
02464
00051
01267
06903
01927
03125
04013
03904
03957
05477
04960
05875
08074
03397
03539
05521
00527
06731
04240
06789
08535
06669
00203
04544
06136
07147
04022
02631
07321
04272
03266
03410
00718
04366
01403
00225
05718
04974
04587
08484
08165
02961
05766
03407
02230
03590
06437
07697
02440
00081
01924
06552
00634
02068
01294
05163
03513
05548
05840
02356
07653
01058
05387
06711
02996
03692
02675
07627
02454
06336
04532
03804
07720
01764
05181
04410
07468
04981
04588
03665
06589
00098
03449
05710
03616
02725
03911
03403
03301
06518
00525
01712
02046
07003
03850
05854
05359
05423
08415
07777
03731
02429
02566
05097
04247
05194
07720
00005
07927
07477
01765
06269
06735
07972
03956
02234
04565
05372
01459
02588
05249
01588
06656
00023
07062
05631
07285
02531
06770
05476
04714
07951
06385
03756
02101
03642
02672
05111
08420
03093
06957
07811
06267
04264
05356
05770
07529
07735
00277
07398
04173
00281
06249
01364
03518
03718
01842
03275
05888
04074
06738
00255
06338
07161
04916
04966
02444
01737
00543
07263
01269
04623
00417
03042
08379
01695
02376
00199
06284
04099
02100
02639
01377
07247
03256
08041
00939
04247
07551
00730
08573
04206
04299
04788
02009
02420
07896
05250
02982
06339
04671
07117
07503
08558
05895
03614
05215
03045
04647
04153
02001
07394
05662
06706
07724
01298
01586
02526
00531
04088
02879
03928
00842
04788
02704
03911
00996
08139
04265
05201
03866
07931
02085
06511
04358
05325
05795
05036
00125
00328
01875
08506
05739
05950
02095
02507
06553
01029
05444
01961
07289
05772
06808
02570
04706
00159
08477
02476
06535
06906
07563
00201
07577
02222
08189
04767
04309
06762
08281
05295
08224
05738
02891
03463
02479
07508
00555
08198
06444
03981
05266
01052
08250
02631
00908
04972
00913
04221
06968
05239
04629
02805
00275
06989
03337
02352
07289
08322
07265
00593
08341
03331
00301
05359
03993
02284
03801
05193
01046
06912
00081
01605
04087
06284
01546
04781
08561
04648
06500
04007
08042
04579
00011
06152
04139
04234
00469
00988
08224
01068
01790
04212
01316
03573
07735
04884
02065
02717
02061
00912
06125
03949
03613
01450
04584
05461
06189
04835
01706
06725
07782
04116
06217
07918
05653
00295
05912
02643
05081
03743
04316
03706
06088
07137
04936
01569
05754
06725
03504
00630
00518
01053
00106
00912
06963
00600
00696
04323
01974
06435
00570
08268
07379
02854
02409
02538
01959
05015
03982
03149
06202
00509
03769
07814
01554
00666
03126
06674
00746
01741
05617
01667
03377
04092
03178
00965
02815
00731
03916
05474
03131
01163
06167
02427
07527
04114
02021
01324
00861
03330
03210
07395
08307
08073
07396
02380
07465
06269
04882
06244
07708
07570
08241
07624
04458
06985
07138
03161
04070
07078
03695
06070
05294
08142
00132
07038
02559
07499
04154
03593
07466
07830
05150
05625
04584
00760
03393
00602
01905
05429
04344
06435
06402
08061
03020
02553
02877
05296
04892
05695
05778
05414
01990
03291
07812
05344
04421
05111
03854
06590
08403
04099
03900
02494
06664
06572
03485
03542
05875
02635
00990
07598
06053
00796
00995
08125
08357
08265
03486
03310
08197
06715
00826
07190
00868
06525
00488
02741
05397
07965
03576
01607
05885
06631
07965
01686
02506
05231
04535
02670
03734
03323
08348
02332
06403
08531
04968
06916
06376
07078
03144
05990
04442
03754
00407
03891
05798
02247
06792
07034
03050
02641
01794
06458
01683
04929
07761
03547
01497
01199
00001
04949
03151
06381
07766
03124
07631
01003
07495
02055
04619
06162
03008
07171
03077
07991
08463
03345
04351
06463
00270
01089
02159
04777
08487
08242
04242
07701
00374
02055
03634
06495
01440
02311
04562
02751
04913
02960
05198
04600
02691
03465
04935
03578
04906
05931
07348
03719
00829
04452
03588
07975
01319
02336
08032
02657
02291
02027
08374
05246
04518
07040
06231
07643
04398
04183
04402
05299
02129
02598
04290
02350
05392
07655
00858
03059
07970
05474
00009
00077
08069
02271
08417
06037
04159
05162
05529
06707
06922
03803
05450
07642
07006
00752
00382
04944
03793
07818
07044
06358
05130
07393
06200
08490
00899
00485
00784
06127
03028
05874
07442
02230
03523
00326
01961
07627
01569
00643
02934
02238
07385
02884
02586
07332
03650
00397
08330
07745
00748
02011
01307
03660
07487
07357
03253
03648
01598
08278
03892
04739
01771
06768
05673
02524
05012
06863
00976
00534
01571
05671
05651
07571
01019
04298
05483
06423
06478
00434
04590
00259
01692
06872
07324
05937
00125
04918
02099
06915
01496
01775
02043
06427
08596
00449
04628
01150
02483
07324
04923
08010
00735
07874
01524
06216
07028
03731
06769
01088
04501
00307
01840
00937
05387
04146
05426
05345
03376
00105
00440
01679
01434
05052
08240
06578
04787
04232
03534
00446
08124
08530
04710
00691
08018
02449
01573
05081
04449
00801
08503
08236
07749
06429
06754
08175
02911
08584
02522
07032
01828
06192
04239
01673
02730
05720
01016
01782
04491
04049
04074
01048
04668
00540
05372
03597
02792
08390
01042
02825
00637
00032
03777
08069
00024
02674
01314
05138
05156
07460
01064
03098
05013
03913
01771
00148
07971
06328
05479
05434
02562
00960
04878
04464
00702
05751
00074
03523
01932
04679
02919
06860
02316
00182
02741
06320
07706
06976
02203
02261
04052
04995
02342
05483
02286
00079
03930
05884
07305
07904
06024
01129
02786
08441
07261
05435
01294
07871
04571
05227
00867
02367
01240
03487
03682
05733
02340
03729
08481
00042
02881
01317
00997
02073
05275
02558
05620
05782
03630
03582
06336
02131
00823
08457
06864
04729
05715
06140
03153
02407
03363
01424
06481
07410
02729
04221
06068
00913
05564
02684
02471
02116
02311
02309
01610
05153
01585
05641
05651
02138
06469
06277
03445
02398
08377
03980
04552
00962
06931
01368
03105
04556
04504
02133
05922
07524
04934
03922
06469
02632
03305
01877
04194
01218
05931
04097
05487
08296
04444
02006
03471
04423
01290
04678
01739
04333
04369
07967
01989
02562
04243
00906
00124
03114
06051
07167
08322
02962
03980
04851
07369
02020
07542
04143
07715
07112
08208
03230
06993
07825
01185
06387
07315
00290
07072
06700
01463
00667
03076
00471
06533
02068
06478
07519
03854
05900
07579
00035
07004
07926
07005
02379
05653
07169
00624
01896
08529
06571
07722
03703
08203
05641
04820
05258
05285
01789
04645
06619
04643
01325
02142
06638
08394
04516
03288
08010
02241
00375
07313
05427
07589
01310
03678
02231
08083
02101
01219
08474
07191
04813
00429
04161
05161
00348
07360
03016
04375
07622
05076
04992
00197
02815
06474
01033
08273
05254
00309
04087
06179
03903
06404
02980
04249
06397
07827
04570
03441
03433
06889
03483
06024
06132
03581
03039
05072
01550
07770
03985
00838
00128
02729
04439
02568
05964
06661
00092
02285
00174
01177
04875
06839
03487
07502
07858
02876
02775
04761
05785
02523
04004
05113
01325
04873
06699
08134
00054
04875
06082
01957
01633
08293
02031
01432
08162
02025
05273
00442
02874
02460
06921
02664
04057
06570
02356
06675
05865
02706
03480
08258
03303
02139
02216
05373
04637
03590
05662
04692
06952
04126
06012
06141
00044
03338
08096
02709
01231
04595
05921
06470
06369
00816
08458
05350
02966
00335
05874
05440
02037
04246
00372
06132
06016
08303
04338
00473
01696
05314
00922
06739
08244
01653
08514
04376
06414
02935
05661
06884
04978
06010
03873
02508
01620
03494
02172
03055
04589
08322
00796
07520
06353
04869
05984
08481
03113
02475
05846
00450
01816
02475
04937
06479
06843
00717
06574
01687
02458
02513
02580
03833
05926
03730
05605
03825
06438
06602
05741
03383
01882
04087
01111
04776
02227
00139
03190
05207
00301
06425
05911
02596
04674
04755
05624
01756
05908
04801
04701
03161
03878
02803
04767
07560
04287
03136
05857
00592
06813
04343
05169
01106
00690
05667
08118
04612
06869
05379
03324
00416
00768
02463
02722
03170
05914
03375
02332
07302
05160
01301
07394
07407
05836
07563
01036
01197
07370
08495
03184
01198
03699
06003
00594
08500
04192
01984
00990
03551
02637
02211
03549
00794
07087
03952
02962
07048
01987
06667
00656
06361
03829
04645
05898
08528
07818
06755
00822
05052
05074
02947
02823
01582
04533
05984
08029
04122
04537
02716
08419
07486
06741
01629
02781
03503
02214
01760
00116
00035
05483
04986
03232
03474
07774
02974
06865
00494
00274
08016
01793
03521
00396
07864
07537
07141
01511
02299
04063
00478
01352
04299
00817
04868
01554
02806
06361
03365
04815
02508
08188
06775
06421
00026
05816
07451
00264
00435
05914
05437
01401
07214
05162
05232
02995
02187
00812
04790
08133
00847
00275
06045
06713
00208
03027
07381
01617
03082
04931
06422
03864
04767
02342
08167
07644
03093
01349
07081
01198
04337
06594
01202
02283
07209
03915
06837
03859
02023
05849
06462
08523
07906
05493
02939
06569
07175
03494
03847
01844
01684
00569
02704
00293
01589
04445
04544
07886
01487
08249
06024
00533
01146
08333
00056
07028
03252
03218
07524
04225
05376
04431
01545
02821
01470
02553
04765
04923
08420
06461
00587
02240
04866
07117
02006
00121
00130
03166
01997
03877
00374
03498
04029
04248
04804
01902
00868
06992
01173
00018
01089
08392
07691
02080
08218
01535
07880
03843
06229
00340
03971
04558
00872
08448
03958
06621
06555
08040
00587
07044
01715
02118
05285
07203
08090
02667
07762
04378
04738
05251
07230
06831
03233
05365
08075
03065
02781
02421
05868
00951
02632
05695
05505
08410
07047
02082
08309
03812
03741
03383
07643
00916
07109
03205
04543
04896
03684
04875
04337
03685
07253
04489
00979
03821
06558
05619
07196
00845
06415
02282
08094
08514
02579
03697
07529
06872
08359
03961
02946
03999
05695
07737
06422
04282
08072
02670
02217
05861
02352
04123
04611
04418
00977
00309
00210
03816
06941
06454
06283
04025
03404
03388
04625
05655
03952
00661
08072
06746
01642
00400
02299
04712
02453
00795
01865
07265
05415
05717
01214
07910
01240
05808
05286
07430
04340
01693
02157
07733
05714
00467
02826
07209
01375
03245
08130
02657
04413
04007
02224
06493
08084
02005
01298
01948
08259
01800
02039
03366
00471
06830
00844
07119
05250
03757
07910
06357
06151
00083
06569
02550
00666
05461
02927
04176
05557
08082
03973
05070
04324
01748
02839
08180
02466
03394
00068
06720
04325
00932
06340
04709
00660
02221
06261
01677
07544
01806
06101
02202
07152
06877
02714
04377
02791
08481
01134
02835
06009
00600
07334
01666
08139
08407
01425
06452
01823
08221
06805
07399
05686
06396
03020
02770
07537
06701
02686
01139
06824
06000
01177
05658
06355
08589
02132
03057
02231
01826
04385
08422
01055
01929
04464
02927
07908
01132
04304
01913
01280
03432
07712
00829
02164
01723
02556
00928
06978
00196
01627
00589
03732
02038
02341
05840
03523
02512
07826
05210
04700
00244
04550
08556
07813
00042
04417
01858
01317
03128
02162
03575
07361
05640
01051
07118
04474
01502
08055
02923
02084
05932
07088
04911
02914
06429
01854
04162
03325
06762
06810
06320
05100
00460
00256
02203
07540
03399
04235
00816
03889
05598
07914
05905
01021
01689
03392
00062
05700
05312
00977
04337
06923
03715
04049
00725
04629
06544
03607
00866
01140
02871
05734
06207
05777
04469
05123
06348
00115
07531
00890
01956
01195
04395
05612
01347
03352
00879
03116
01890
03294
00190
01375
01796
03850
05827
02705
07723
07168
03707
04404
07188
06685
04243
00467
01700
01217
07524
03796
06958
05372
05940
06132
05210
05217
02474
00413
06955
02167
03742
06394
00740
08564
07498
04180
07032
01053
05825
06933
03718
00457
03643
00985
06653
01140
03690
07660
02122
02230
03396
01062
01027
03395
05077
06659
04278
02590
08280
00144
02723
01902
01746
06440
01514
04971
06411
00356
01227
03737
04001
07641
03001
01563
08419
03138
00529
00851
07359
06126
01213
04222
00857
03277
01895
00413
06361
04573
05644
01853
03464
01633
02695
06688
00038
03904
00951
03925
03130
08211
04255
02978
00295
03464
01559
03874
03984
02052
05868
08177
01048
02230
08089
05260
00608
01686
06703
04509
07662
08260
06057
00092
04582
06724
05037
04562
07512
03847
04847
06479
07757
07270
06864
02067
07167
03352
05102
07777
00757
04954
05217
01760
02904
06710
03682
06067
04068
01588
02679
04760
06206
05588
08447
02126
04599
01718
04447
01831
05322
07185
03983
00533
02176
06152
00516
