03629
03208
02521
03922
05237
02008
03970
08506
00076
00635
02682
06985
02947
03995
04234
04385
05871
05091
00867
05230
01783
01171
07812
00425
07637
08258
06812
08200
04672
02430
04355
03554
03735
07933
01959
00860
04635
08714
08339
07617
01238
06598
07248
01064
04916
06641
02605
00752
07208
00468
01573
02706
05848
04598
04837
05859
01762
04756
02899
04536
06389
01626
00321
02363
07620
03932
06387
00018
02615
02661
08312
00200
03121
03760
03689
07061
02275
06993
08276
01416
03053
08786
07952
01592
02682
01511
06558
06674
00762
00415
03604
06083
02637
07642
04650
05194
07632
08697
07149
04038
00736
03718
05883
00401
05575
01497
06558
02444
06753
08138
00847
04935
03568
06260
06571
01813
01913
06255
06364
05767
07940
07480
02165
05370
04848
02255
01520
09247
03947
08205
06986
05970
05591
02587
07798
08842
09145
09070
01422
07572
04821
09118
07437
04723
03112
07959
07074
03245
03326
04367
04643
08849
05228
07370
02340
02109
02009
02178
06516
08038
02277
07856
05636
07610
02071
04901
03671
06658
06156
06738
04941
01910
04117
02627
07795
06551
04873
04890
00009
00412
02217
00365
06459
05584
08605
01837
04496
03663
05036
07362
03701
06795
05442
06728
01730
07283
05406
05496
04894
08373
03286
04777
06079
06102
01617
06487
06065
04035
00287
01618
02093
05933
05637
02386
07060
01704
04169
07830
06714
03241
04255
02322
04477
07859
05974
03852
06941
05541
05940
02340
07289
06451
08068
03372
03713
00567
07134
08056
02419
08167
05030
02533
07357
01616
06027
06957
03945
06201
08175
01352
01433
02370
06359
03018
03654
07128
02533
09269
08183
02072
04818
03865
08222
06672
03359
07470
04810
08082
03047
06575
05245
05815
04410
04886
02098
05159
02934
08412
07176
02688
01587
06475
02549
09052
06078
09081
08765
08896
06947
00433
03067
03271
07487
00610
03110
04845
01593
02412
04250
06398
03657
08640
08466
05375
02771
00190
03618
07580
03711
02130
01502
02875
01997
00328
07994
05793
02164
03633
05838
07442
03820
04296
00117
05579
08208
04337
04557
03577
04260
06109
09085
03909
00172
05907
07204
00984
04053
08252
01183
03572
01221
02178
08438
08548
05013
07350
00185
02873
09253
09296
04548
04506
01016
04764
08222
00828
02345
05284
03675
07751
05062
04610
09120
03364
07531
02088
03308
06389
00209
09073
04969
05290
04589
04238
06811
08382
05943
02442
06949
03645
04335
03756
01409
01885
07799
00772
01408
06841
01009
01937
05579
05205
03589
04570
00290
01262
05998
06563
04957
03285
01433
02427
06186
01199
06938
00120
09224
07145
00667
04487
05962
00201
00241
07207
00407
01833
06921
05401
07158
08615
02413
03626
09114
03494
05931
06141
04020
08805
03191
08087
05710
05646
00794
05501
02804
04755
08221
01565
00162
07153
01705
05394
04420
05301
05513
07762
03555
07508
05047
08521
03577
07341
05760
05556
04180
03651
06970
02924
02864
08282
04435
05130
05234
01480
08576
08924
09126
07953
06865
01986
09013
01290
06513
05038
04624
06828
03459
02781
06076
00325
05879
00436
02227
06805
06590
06804
07061
06830
03724
01646
00284
05252
06304
00690
05234
03329
00539
08151
02480
04070
05383
00297
02837
06249
03672
03563
06237
01247
01720
05368
08004
05923
01730
05541
05847
07536
00621
09096
01757
04785
02055
00652
05063
04969
09138
04093
03698
03938
00660
03639
06831
00846
06387
02887
01513
02984
09024
00274
01023
05217
09111
02551
00465
04033
03489
06444
04041
04385
06234
08913
06339
05275
08870
04501
03346
09098
08288
08777
06754
00636
00565
04027
01898
00728
06180
08068
04442
06129
04138
00646
03151
07651
02109
01406
05580
06372
07374
08290
01966
08394
08616
05518
04788
04875
02069
06845
05227
06986
02139
09059
08897
07306
03043
02203
06401
06713
03334
08080
08652
02479
04970
09284
00560
01457
01790
03228
04361
04309
03250
06002
01056
03840
04352
07517
02912
08411
02967
01225
04564
03599
05974
05179
01068
08036
01391
09240
08568
08473
07998
01310
06463
09138
04008
04035
01022
05042
01849
03707
04740
08109
08630
05984
04737
08242
07701
02529
07595
09011
04282
00160
04977
02934
09162
03973
06055
00822
04335
01145
05500
00559
02364
03636
02543
07991
04313
07651
02253
00371
09126
01517
08176
01322
08660
03217
01853
05421
06641
00898
03084
04545
05965
05883
04628
07458
02010
05953
00198
06416
04053
07355
08816
07520
02891
05816
05315
04864
02543
02217
05014
04544
06455
04248
02746
03494
01578
07000
01870
00129
01492
05487
07600
04643
00540
07025
02751
01684
00027
06275
02861
06311
01107
08465
04048
05856
05436
03304
00392
06487
00663
00076
06060
09045
04373
06486
00286
00232
07990
08362
07790
01694
05611
07565
00879
05827
03239
00070
06241
08856
01341
08135
01775
01749
06527
08035
07625
06890
02354
00174
03982
06439
08266
04801
03195
07289
08858
00220
07184
02408
05770
02258
05337
08003
02709
05269
02509
04839
00750
01779
04415
01565
04407
05769
04521
09128
07971
08514
02090
03211
01362
06807
06093
00327
03098
09035
04920
04596
04626
02022
05183
07879
04368
05525
02729
07741
01491
03533
01326
05934
00396
00627
04503
06216
02389
07444
01555
06975
00665
09277
04067
08106
01447
08704
00192
09021
09257
05326
08666
00432
03248
00944
09265
04367
02506
04289
07136
05491
04677
04610
03605
04252
04243
02459
06639
02629
03784
07578
08873
03270
05283
01957
04316
01745
07906
05327
07952
05169
03549
08923
06493
08095
00281
06730
05504
05238
03630
01485
04097
04090
07086
05904
07991
01474
07182
06962
00331
04095
05912
07201
00298
00593
00699
07425
06322
08658
04430
06857
06329
01441
04624
05761
09029
04277
04624
00308
03208
07411
07750
06442
06984
06858
06146
07931
06992
04794
00489
08052
04437
00663
04892
06082
03275
06105
08092
03669
05396
01425
07664
07970
02959
08191
03496
04477
02595
06856
05734
07294
00911
02982
03021
08727
07134
02930
08694
05023
00960
08534
03461
06734
06195
05485
02000
00962
03740
06668
04001
03770
00878
04859
00315
00841
05530
01981
00563
05250
00246
04218
00611
00316
07075
05987
04178
04541
05362
03359
06518
02372
00666
04624
08624
05463
03300
02532
06154
01939
06137
08348
02408
02071
03881
06680
08680
09028
09101
03117
06019
04417
06294
06515
05306
00965
05382
05658
07027
00290
04048
02465
01005
02589
03887
08666
04687
02700
00841
04629
02823
00118
01658
07944
08156
01257
01680
06748
09234
05290
05721
05006
08978
03876
03336
01097
09235
01103
00578
05127
05987
04553
03217
03519
03788
06320
06143
08467
07942
05996
08216
00564
07985
03058
09034
03216
04941
01563
06219
05202
00118
08390
04738
01172
08531
05674
06927
04178
01975
02304
03871
01127
08746
04467
06671
06714
01682
00631
04046
01612
06221
07132
06183
07144
03692
06041
08110
00080
09003
06901
01750
07923
02108
03006
07152
03436
01994
02844
05147
02022
03865
05801
04783
08949
01096
08075
07384
02674
07344
09236
09000
04059
08404
06842
00741
04358
07223
03238
07910
02692
04485
02420
04318
01182
01279
07552
04059
02024
09246
03212
00024
02095
03579
00774
07532
05369
06908
03770
08792
05638
06737
00289
00864
00854
04432
01429
07899
01162
05479
03725
04330
06985
07385
03667
05874
04452
09039
08465
00546
03374
07753
02954
05091
02391
05118
02279
01243
05903
05632
02423
02477
08659
00846
07807
07667
08639
03907
01630
02332
09115
05292
07025
05177
03545
02034
07055
07542
03501
05065
01105
08822
03717
07086
04289
05299
03594
04312
07924
05092
03287
06703
04798
01641
00057
08190
07422
07537
08872
02866
00760
07664
06374
00512
06192
08997
01778
09160
07663
08927
02001
08013
03676
00755
02217
05121
04865
02328
02633
01613
01193
03591
05909
02125
04048
03827
01031
08690
08742
03014
04188
07550
08204
07047
05603
05702
06216
06788
03511
08991
07248
07904
07175
04222
01842
05236
02538
02086
04143
06642
05088
03008
06706
08855
01794
01734
07596
04400
06602
06266
08615
08702
06471
06649
04456
08758
06953
03268
04710
02442
05908
04127
09044
09101
03759
05305
00823
00547
07460
04892
04502
05386
07819
08862
03139
06530
08972
08406
01107
01391
03338
06161
02897
02604
01326
04992
02639
07600
08465
08910
00542
05649
03653
02556
08922
05830
05431
09117
03151
03582
06023
01357
01282
00143
06421
02214
00619
07106
01753
04873
06240
02212
06274
01283
05707
07521
01407
08860
00674
01073
00678
06233
06036
03155
02779
08358
04383
02704
02989
03867
02785
03234
06532
01320
07736
06974
08223
07601
01636
04703
03148
04371
08139
05523
00959
04577
00147
09253
05688
03203
02740
06637
01173
07685
03260
07790
05864
02521
07006
00186
08274
06914
08299
06163
08166
03033
06196
07461
09104
06846
01424
03879
05421
07441
04609
08600
04000
00567
02124
05972
03296
01567
06718
07805
03018
08637
06346
00260
02738
08062
01648
08648
02089
02003
06911
06324
07272
04860
08216
01706
00602
05750
03009
08920
02273
05065
01469
08460
01947
05816
01553
06773
07343
08474
07343
05676
00345
03633
04846
06389
03792
00719
09183
02606
01831
03077
08359
04610
00117
01201
00919
02860
01838
02536
02693
07543
03918
07924
00508
04678
01081
06324
00287
03465
00913
03586
07575
04339
02233
07378
02712
08347
08494
07029
05046
04545
05056
03133
08965
08382
08790
00864
01026
08612
02891
07717
05481
08196
02718
02966
00761
01171
03497
07936
04031
01088
03990
02902
06435
00688
08027
01548
01363
05812
06276
04796
08622
05848
00107
07418
03214
06541
02388
02870
06619
03117
05331
00868
06853
02399
03352
08443
03568
08729
06117
04980
08515
04010
06214
07269
01362
02993
01846
00930
00993
09173
03570
08724
00382
05803
07629
04145
02718
08206
01668
04001
05990
00979
04151
08186
02589
07651
07639
03792
07490
07102
06374
02023
01608
06062
03858
08233
02028
00125
07843
06309
08840
02974
01401
04950
03715
00255
04246
06322
08409
07260
05336
05086
04941
02826
08078
04247
08125
00226
06062
05247
02734
03986
01224
03518
04302
05450
08085
07456
03982
08253
02458
08252
07858
04527
02448
06908
00820
07951
05277
00980
00535
05466
04946
07729
05906
08378
04093
04850
06813
04974
03358
04017
06981
05011
08090
02640
05625
07144
01379
04416
04800
00883
00899
04856
03757
03099
03650
03111
07921
07123
06759
00579
04828
01825
02217
04566
01409
06380
09220
05655
07024
04716
06712
01643
03790
06247
04748
02346
01364
04661
01768
09184
03705
04333
05993
00256
03438
00243
00793
07996
01267
00716
07064
07012
01824
08152
00205
03486
06033
00099
08503
06615
03248
02547
03229
01851
07046
02041
04956
08495
03501
06064
01756
03772
00353
03087
06101
08569
01497
06207
02433
02461
05433
08396
05567
02275
07571
04281
07310
02799
08798
00560
07049
06254
06779
00993
05615
04723
00083
06078
02252
00668
01327
03259
08739
09112
04044
08531
00750
00458
01522
01143
05980
04276
02468
03265
08565
02755
02356
01134
06769
04642
07385
05686
03579
04019
02163
08744
02352
00525
07000
04076
07105
01924
06921
08204
01762
07763
08827
07891
04089
00004
05113
03247
02067
07691
04447
06907
01998
05557
05309
04009
01096
06288
07217
05025
08676
08911
02066
02721
04907
02118
03658
03405
08198
02368
01889
04520
05971
08351
06158
03074
03710
00915
03693
00334
04891
03268
07706
00816
01557
00824
00944
08387
00261
03663
01203
08693
03145
06357
03161
05515
05916
06895
04224
02988
02148
00424
02325
06371
05088
06855
02532
04285
03684
03258
01100
08057
04439
06241
03150
05642
07659
07241
07490
05515
03155
03840
08106
02586
00026
02777
01192
03400
02080
07359
05823
02278
03163
04915
05506
04668
05616
02171
01213
09034
06420
06989
06797
01964
01607
03072
06626
08796
01708
08011
08675
08988
08542
06388
00019
05369
02262
02713
02095
07618
01481
01713
04557
01766
02279
04513
02164
08437
08263
00251
01726
01019
01342
04933
02187
03931
04447
06787
00675
05019
08311
03351
00163
03473
07018
05037
04932
03181
08230
06394
08606
00694
06889
08639
00945
07408
05851
05159
03671
00120
04062
02207
06450
01712
09025
05078
08695
00201
01847
00224
00860
01177
01441
00324
09174
06343
07484
08813
07460
02675
04810
08475
09065
03328
06007
00255
05140
01844
08011
06949
03671
02602
08835
02919
06841
08291
06222
06763
02838
08595
07895
00854
05405
00664
07853
01615
03504
01778
06486
00882
04172
04006
01233
08838
07916
07708
09119
03855
09049
02291
09277
07866
05216
02491
05732
05435
06872
04170
06425
00040
01318
02069
09276
04040
07471
04672
02748
02887
04013
08429
01378
07654
02734
02478
08072
00595
00554
03341
03841
00754
01569
07504
07595
07651
07094
05594
04600
06627
03230
04488
01777
05614
04464
08403
01008
07528
08645
01423
08834
01369
09125
00018
06071
05512
06038
01867
07179
04547
00113
05984
06753
02104
07635
00527
07309
03695
06172
05568
03115
02903
00692
08850
07883
08861
03292
01141
07813
03261
09160
06331
00087
02952
08039
01891
04545
00847
03351
00765
08649
00113
00399
08365
02191
00656
05971
04924
01841
04398
02280
01057
05965
01220
00805
07798
01791
02684
01902
05738
05602
02995
08623
02311
08914
05029
07569
01101
02776
05413
04317
06049
08727
02814
04170
07464
01724
05044
09050
07472
08325
04606
04596
04501
04742
06636
09193
05918
08600
07044
02310
06599
04523
08377
08386
04316
02864
08128
05969
07699
09116
06389
07449
04862
02569
00250
04108
00089
00087
00943
01435
04806
00461
05628
02442
00292
03266
08088
06873
04733
02583
09272
03503
07980
03125
08677
04722
07640
07140
08320
08297
09155
01662
02158
07542
09285
07666
00416
08490
03303
05304
07209
05790
01170
08079
03159
07712
05089
04894
06744
02301
07268
06416
08105
08495
02513
08854
02582
07438
08577
06903
00769
08635
01587
03761
03962
01576
02608
05619
04560
09148
01855
08611
08906
07608
00861
06461
01505
02923
07349
05841
01281
03751
07318
05090
05462
02085
01537
06296
05244
02803
02010
01437
01420
06260
07124
04960
09148
03592
04797
04119
05687
02478
08253
01772
05350
05385
03642
01231
06894
07403
08844
07398
04393
02465
01491
07342
01692
08032
08978
05138
01839
06840
01700
08658
02269
04456
08870
03493
07448
06345
02355
03888
06649
03344
04449
08599
07229
00060
07145
05303
02651
07628
00254
06267
06929
05215
05331
02135
05711
00137
01730
03879
08379
07470
06454
04265
04671
01803
07397
06907
07570
05692
08895
08264
00833
04522
06410
08753
08131
01629
09087
08995
01811
01778
00611
08816
02098
03068
07739
00887
08250
05269
00950
04266
05748
07091
00504
06703
04835
01269
01160
05435
04586
08952
06328
09163
00340
01392
06205
07052
08556
03692
06226
03139
05935
03317
03686
00927
06950
08344
04814
03584
01057
06714
06257
05448
07614
07766
05998
00775
08800
04521
07728
01543
09268
07798
00542
06222
09261
02525
09074
08634
07084
03242
00396
09088
08423
03849
02904
06709
06659
09168
03992
07134
04765
05269
03517
02710
02841
00848
02465
01530
06855
02457
02621
07189
01499
02437
01985
03413
09129
03223
01765
04046
09043
01783
08357
01390
04278
05657
08005
02707
06391
02451
07353
09190
05089
02658
01656
01681
04817
07668
06836
04744
03291
04532
00491
00155
05533
08753
05978
00708
01235
02624
04510
08988
08141
02034
06535
05709
02912
07211
01504
02456
05039
08633
01482
01220
08358
07285
02623
05276
07278
00599
09095
07200
04489
02365
03150
06027
07838
07191
05604
07498
01224
01598
06656
01621
01546
05675
02544
02892
01066
02549
02771
05844
07352
07695
06102
01676
01276
05661
00381
07938
03705
02395
01171
03415
04492
08410
07177
04012
08136
04962
01007
06780
03531
07943
04540
07179
04554
06674
08475
01804
08256
03001
09012
06443
07573
01629
07090
06997
08258
04884
06044
08945
06212
06955
05382
07873
04421
01761
06697
01742
03824
03738
03127
06025
05769
01556
01678
05928
03658
02040
00365
08317
04437
04357
00200
08953
02017
06542
05336
03360
06505
06573
02898
01009
06008
06940
01606
06097
02416
06279
07018
02182
00242
08316
07049
02726
07054
03233
06682
04031
05356
06685
06900
08122
05058
07602
07075
06751
08310
05702
07838
03932
04852
00155
05900
04904
06805
00153
07999
07684
04019
00008
01443
02058
00822
03816
06120
03691
02117
06170
01855
00883
03661
01844
01454
04744
05514
02592
04440
07687
06386
00889
06315
06098
03996
05528
05838
07047
05000
04395
07959
01378
04205
04680
04510
08340
03384
05849
03752
00140
02174
07007
08658
00683
01109
07401
04674
08318
08249
08275
08921
04383
05615
01656
00524
01150
07956
06906
07552
04871
00235
04585
04468
03746
08268
01315
04881
07907
07364
09087
09086
02864
03970
09120
08155
00996
06145
04237
07289
05341
03661
08883
08320
01298
00748
00523
01847
02152
00613
06190
02313
07187
01451
00415
01541
05805
02776
03041
02569
07911
01339
08630
05421
08276
04176
01400
03722
08079
05683
05223
04158
09217
01647
04344
03550
00464
04669
02716
01979
04311
05478
04888
06531
06779
08625
03766
06495
03003
05746
05882
06170
08516
01835
04583
09245
07195
05482
02285
06055
07441
06881
06191
06469
06026
03406
03333
04942
00821
05729
02602
03529
00891
04144
07348
02448
06019
08423
08665
08985
08731
06806
08801
00775
05198
03077
02042
04598
04902
02765
09133
03277
06540
08689
03898
08358
00799
02280
01288
09050
00497
00002
06458
03274
07914
07162
08182
04124
00543
07667
04785
01503
01458
01091
02668
04994
04910
02929
04362
08389
04325
04475
05438
01041
02958
05416
08715
01810
07564
04457
01307
04060
05609
08183
06986
08491
00798
02201
07478
02717
05376
05195
06053
06597
08452
07238
04669
03597
07810
06920
05163
05069
02875
00988
02642
00287
01834
03775
07515
03828
01339
05266
03468
08513
07792
02832
03222
00719
03560
04036
04832
02825
08224
06745
09153
06048
06152
03346
06018
05537
00816
08212
07657
07830
02681
07415
06602
03699
02120
08880
07029
05952
00054
08010
07077
02289
06394
04385
08268
05911
01987
02468
03675
00253
00377
07239
03066
00822
01587
02152
01029
05321
01355
03507
04405
00677
06735
01861
06974
08368
08469
09237
06754
00979
03918
02670
07191
04375
06987
05850
06455
00574
08428
02773
02617
04337
02858
04575
03879
09082
02957
08851
06107
08923
07651
04595
05211
02921
01644
07153
08382
06340
07835
00037
01733
05483
06862
00538
00918
06817
07295
01175
04700
07831
00987
03326
01340
08769
01843
04623
09165
04865
01645
02604
07208
00245
02204
03086
06678
06194
05737
04032
08838
03525
05596
04335
03790
04607
03983
09009
08798
03905
04062
06544
08397
08833
07415
00663
08962
09204
03392
04145
07743
04633
03548
03074
08640
08216
06503
05182
08966
01888
02578
03425
08594
06312
00695
07381
03570
06120
00765
02415
06491
03488
02948
03441
08910
02945
00193
05173
04833
02472
01370
09204
02949
06525
08777
01610
06415
06936
05146
03249
06204
02012
05874
08969
08818
04620
05968
05790
06992
06684
07887
01522
00969
07417
01590
02962
05306
01817
08489
00356
00174
06543
04951
03591
05544
08445
06806
05359
06969
01425
01579
07961
04559
08925
07918
04319
01117
02255
05115
05965
04324
05105
07870
05295
02512
04230
03755
09031
06317
08148
01454
07931
00281
01269
06113
04460
04031
01645
07612
06862
01489
05046
06285
05896
00403
08439
05498
06300
06013
02575
02624
01964
05143
00310
07722
07708
05636
03149
01459
06708
07912
08871
06497
04455
05786
08736
05599
08066
04703
09090
01418
01646
00117
01088
09068
05773
02689
06847
04389
02404
02004
02989
03091
08058
01040
04312
05238
00001
06600
07031
08826
04513
08002
08840
05370
02739
01013
07518
06937
00965
05919
07427
08338
04592
03151
05991
03420
01607
08332
01468
00296
05830
03672
08925
08925
04535
03352
08681
03335
07377
06046
08032
00856
05687
07775
08633
01240
05428
08514
09256
03667
08072
07731
06281
01765
08844
03125
05903
02225
06088
05089
03318
05351
09214
01699
09182
06569
00310
04370
03372
08169
05877
03588
09072
05297
01468
07156
00157
07948
02477
01441
07442
08077
08829
03520
09103
05370
01505
05533
06399
07516
01967
02947
00549
03453
05301
00998
04642
09251
06561
00515
08005
08139
00556
03563
06850
07366
09009
08308
01417
04874
02987
00781
02772
00800
05923
00661
06348
08035
03367
00996
06129
04499
08899
03166
00970
03043
02459
00529
06879
00287
01231
03754
02453
06046
00563
03431
01935
00318
08358
06184
00648
07073
07697
06964
09158
07662
01366
01451
06267
07945
05276
04459
01967
04856
03370
08123
06976
03101
00743
06120
08317
00225
05064
00395
08259
07050
05613
02460
08543
01933
00524
00511
05646
00942
00224
05496
08151
07557
01242
07085
02793
01835
05137
00424
09049
04586
05767
01906
08559
06922
03933
02307
05990
07753
00484
03583
08703
05258
08215
03646
03426
02783
09061
03018
05623
00184
03015
08587
09024
05704
03147
03316
05032
08171
01300
02840
05921
04689
01774
03877
00787
03043
04743
07166
04253
08480
05679
05557
01869
00519
07293
06737
03879
03528
03346
06368
04212
06557
06403
03399
00689
08235
05049
07471
04783
03490
00997
05406
07097
06293
03183
09127
08013
09216
08042
02129
00637
06276
04929
06126
07114
08469
06502
00805
05088
01488
00860
01749
08172
02178
00516
03437
06889
01086
07248
03378
01391
03343
07679
05236
04007
05563
02918
05977
00136
04096
07388
00759
07567
05859
00866
07881
03093
05903
02358
00734
05291
05240
04465
09106
01835
05662
03233
02469
08490
06742
01544
04466
08318
01527
04991
01745
00241
08613
08307
02561
05861
03636
03997
05910
02519
04368
02750
01106
05190
05750
00402
01435
02997
04798
01899
00910
00973
06911
07218
06667
00258
08941
05377
01778
05278
00174
05380
08832
05027
03637
02006
02134
08454
05479
02652
04476
04828
06703
08525
01010
03094
07470
03514
01834
00365
00716
01696
00773
08703
09082
00384
03499
02374
06945
03403
01086
05274
04687
08491
00999
04379
08062
02591
04945
03349
01614
05614
02658
04496
02085
00280
07500
06884
07690
00533
06641
04321
01221
03346
07344
05588
08171
03467
04741
05930
04909
04347
07635
03375
02979
03547
07212
05047
04496
02206
07729
05645
05781
00011
05653
07565
07880
03789
01841
07020
02135
06467
08998
07211
01821
05759
01319
07905
05361
02622
07473
03521
07869
02299
04160
00984
00502
08561
01092
01464
05627
06095
05619
07603
05540
06281
06791
05516
08618
05581
00148
08630
04444
09065
02439
02228
00100
04829
08960
09256
01453
00158
07606
04428
05481
02532
06574
04841
05535
02853
08212
06022
00488
07810
08398
04890
06482
06459
09077
03384
06549
03112
08361
00515
08510
01019
07941
06276
01171
02511
02841
08179
08438
02522
04858
04520
06821
08666
06528
08690
09267
08766
01350
08817
08085
01539
00382
05922
00164
01587
05575
08323
05707
01367
03169
06474
05073
08376
05296
08214
01576
04824
06010
08605
05017
00658
05223
01914
08250
05154
05207
05140
00938
09016
02627
00564
02160
04342
08420
06551
03533
06993
05421
01211
05211
03236
01347
01383
03945
05357
07548
00832
03101
05698
04202
03243
07466
00160
08922
01417
00819
03250
01918
01173
00303
01888
00383
02368
03975
01691
04131
06801
04418
04098
03410
07269
08662
08100
08300
04475
06917
04897
07933
02352
08185
09216
04741
02167
01684
04369
09244
07799
01863
06023
02837
04900
00335
07589
03738
04993
02120
07603
01124
04301
04363
07714
00248
02969
05750
04356
03479
00165
06006
03769
02563
03571
05828
01617
08940
09012
03052
08204
01599
03758
00976
05794
04261
03326
06846
03929
06947
08759
06131
07548
00786
09114
08987
02084
03570
07694
09037
06234
07389
05197
04899
01128
05405
04780
00106
08203
03034
00127
00162
05759
07576
03576
08657
09053
02925
04709
07719
01197
00488
03998
02462
02563
01913
00117
09131
08028
08383
05558
06205
07015
02625
07619
05509
03719
08037
05113
08696
03833
08264
04241
05710
00442
03915
02557
00915
02866
04806
00348
09287
01755
07799
07849
02990
06441
01402
06013
01415
05264
02737
02307
04684
01444
06803
08900
01344
00326
07970
08380
05636
00391
00689
07451
08923
08246
01883
01059
06732
02667
02199
01363
05470
09147
05286
08345
03280
04616
05192
01018
02907
04425
00242
06498
03093
08235
01572
00591
03300
08627
02399
06078
04660
08325
01749
05036
05973
06634
06498
00904
02582
01022
03804
07543
02543
02460
02439
01094
04203
03593
04424
06668
00690
04385
04827
04043
06508
02582
01055
08208
07944
07437
03089
03847
05107
01775
08781
02669
00350
06771
07627
04989
04664
06137
00154
03227
05679
06551
02063
06712
04331
07853
07069
05140
00996
06104
00464
03941
00550
08895
00184
06607
01376
07714
04220
06326
03065
07769
06096
03357
02716
05325
06821
05822
06329
08298
02692
06499
07362
05839
08083
06034
07300
07858
03115
07156
06927
00677
00001
08025
02389
06452
05724
03769
00798
00602
02429
03233
05538
02599
05175
05723
03552
02703
06838
03103
05900
06879
01647
01651
04723
00301
03293
05986
09078
01946
04599
02654
02901
07777
04382
01291
07531
03636
00766
02221
02392
01674
09058
03842
01394
02569
08597
06458
06453
03165
03780
00939
01502
01710
00710
06608
04419
07332
00382
08890
08397
02351
01696
02982
08138
04587
03311
03695
00115
00422
01219
06092
00963
02478
00787
02054
03430
06375
01811
04023
02216
04920
04985
04156
00796
08754
02505
02973
02505
02317
02226
06814
07666
00887
08167
06211
01468
08372
03276
09181
03529
06756
06686
01788
07946
00633
03250
04704
04976
04813
02935
04324
00425
07248
03027
00380
05143
02770
06705
00870
05607
00367
06276
00428
06928
08600
07247
06377
08329
07304
02740
06988
02569
07181
08020
05895
00566
02164
00314
04794
06686
03207
04228
01780
04811
07608
08575
04275
07545
07584
01505
01896
04554
03307
08238
06626
08950
05260
07708
07484
08173
08662
01009
05722
05991
08156
01972
00176
02723
02294
04087
07554
02915
02721
04515
03820
07979
02213
08309
03855
02072
05655
06830
06682
07753
05237
05383
08082
01918
05562
04463
06096
04398
08586
09117
08557
05355
07827
03562
03764
01976
04688
00412
00493
05683
05739
07694
05870
01313
03710
07537
08350
06279
05499
07655
04272
04150
06936
00094
03161
05896
01889
02668
07534
02298
01981
02170
07761
06174
02141
08807
00626
01250
04481
02275
08275
02214
03933
06741
00468
02032
03208
03083
07130
01002
05195
02112
05170
02822
06256
08425
03746
00906
07247
07541
03405
08009
05694
04238
00660
09103
03098
03710
08314
05945
06770
08642
01732
07733
04903
03147
04013
08577
02054
04610
02609
07982
07013
02598
03557
00889
03498
05658
04660
03425
07847
05336
01342
03729
05046
05926
07248
06530
03506
01003
04980
01064
02746
03130
08347
01578
08234
04620
04162
06411
08001
01832
07791
05585
01580
04136
04764
03130
00266
08194
08166
04782
08617
06009
04891
01764
02705
06306
04906
03607
07785
01311
01937
05300
00830
06740
04689
03803
04844
00193
01146
05396
05572
06943
05098
03953
07436
04723
08711
03373
02127
01489
01481
05492
03976
07843
09186
05670
05246
08586
03322
04082
05955
01770
03323
06689
04101
03178
06050
06079
00158
04713
03773
00366
00536
03697
00188
02525
07613
03334
07235
03852
02129
06363
07009
02287
00070
03130
01626
05600
07714
06626
03240
06071
03432
05351
03985
02014
00324
02897
03302
07162
03493
02080
01779
06793
01548
00708
00814
04856
02599
05630
00090
03581
05489
04928
00953
08967
08766
05115
05300
06066
04768
04790
06851
06143
01260
07506
06532
06688
07990
00364
07888
01812
06443
07523
06341
04210
06369
04629
00824
00629
01794
08094
03262
03121
03139
06764
08835
08524
08472
03117
07459
08144
00773
08166
03736
05920
03143
00067
04434
00978
03480
06057
06146
00641
02665
05922
08150
00105
02975
00629
02673
03665
03030
05482
07859
04211
07866
00567
01125
06070
03764
04188
05131
00289
06284
02441
08447
05412
06017
04003
02890
06862
05602
07779
02218
07850
00920
00811
07746
00474
02033
01534
03023
05609
05799
01619
05543
01816
02451
08072
08528
01690
04222
00901
08140
07170
04470
05677
07768
02014
07182
00746
00360
00030
03107
08918
04177
06086
01010
00441
01554
06904
06719
09069
02168
00118
05293
07240
02864
00220
08073
08613
03940
01043
01054
08008
04319
01130
05290
05216
00579
03970
07262
06963
00965
07214
04267
08149
05906
01324
05225
04013
05188
09220
08862
02457
08553
01202
04540
06973
07070
03870
06869
08520
03112
08005
07296
04583
00811
02039
02293
00539
01483
06333
07969
02510
04860
03515
07151
01554
04083
00642
01031
02373
08666
01501
05958
03532
05342
07095
01209
06535
00819
05315
06514
08123
07506
07452
05016
06048
01884
02566
08978
08979
02409
08001
05863
07971
07897
04345
00839
00579
00678
04447
09222
04728
02928
09109
00230
05905
04902
06644
00866
02561
06129
00699
04349
02760
07744
05420
00546
04471
01830
05238
08186
08698
07693
02780
05660
06080
01956
04044
06190
09197
08396
08052
08265
00379
00204
07941
09262
04280
04347
02810
09004
06636
07011
04398
03686
04508
00755
01729
05318
05643
00122
01881
00592
05961
08535
04260
01469
00434
07258
07583
06173
02572
03493
01319
01491
04165
04032
03504
08852
08896
07395
04123
06947
07735
08953
08623
04056
03983
05402
02324
04768
00648
07851
06832
03429
05284
00822
05475
02652
06839
04154
00063
02263
00324
04476
08542
01018
06031
05875
05192
05509
05002
01987
05348
09160
08239
08800
08038
08491
01233
00079
00167
06848
06135
09277
07798
02669
06007
03500
06420
08854
07286
06452
04091
08181
07949
06130
06431
02377
06356
04854
02454
08084
00867
03278
00266
00861
06719
07195
03725
06792
03670
00168
00120
06423
07251
04673
05629
06279
03881
07427
08344
03800
02076
00009
01496
02130
07275
05544
05456
09235
08048
07752
05453
08902
08361
02730
07292
06699
00711
05054
05946
06883
05294
08922
05118
00095
07425
08106
05782
01287
06624
00459
05769
01660
06756
00155
08190
03483
01242
03083
05196
06594
03620
06401
04074
00714
03641
00069
05382
05687
04184
04293
07905
05895
03093
00873
04869
06933
03504
00584
08864
05774
05163
00410
05181
04695
08974
06560
05945
00631
06358
08690
01276
00453
06651
00613
04825
02041
05291
00304
08876
07139
04613
08029
07964
08400
06251
01688
00422
01234
03748
01275
07549
08120
03905
00922
09278
02114
05387
06452
08888
07043
02382
00420
01718
09112
01958
06680
08610
01534
07567
06923
09114
06924
02843
06433
01900
05019
07023
01169
08383
06124
00022
07400
05438
00240
04991
01677
02210
01103
02574
02486
01248
01926
06388
02892
05203
04139
03032
00931
06840
01679
08409
07873
08493
00367
02961
02417
06920
00224
02271
02102
05026
07148
03653
08854
02886
00211
02850
03381
02676
06084
03132
01181
03672
00037
06782
05451
07012
08677
08645
01749
09031
08304
04153
05339
07207
06766
07403
05482
02118
00518
03617
04392
02937
07151
00174
02477
03822
08732
03980
07318
06240
08375
05092
08344
04653
03880
08481
07481
06284
07972
01626
03891
07257
08014
07598
08350
03774
04763
03370
08315
05039
04206
05098
00050
07494
08643
05096
03834
02938
08899
08662
00334
00887
03690
00251
02708
06963
03565
02038
01469
05983
06823
03790
00836
09280
05996
05986
02971
01989
00385
01137
02028
07787
03407
06754
03714
08952
08213
04355
07872
04273
05106
07316
00339
00875
02548
06304
05311
08557
02663
03559
03792
01553
04714
00610
06960
01128
05268
04439
08457
01716
01507
06605
08189
07929
08142
02961
03070
04100
03226
08248
08099
01408
07982
09258
08594
01886
05464
03783
03196
02336
08004
09285
08743
02634
04225
02413
00511
06587
01835
05995
05351
07463
06483
04613
07943
08510
08262
07939
06923
09076
00152
03430
00731
07815
04890
07444
00923
00963
04940
00137
09199
04312
01029
03464
07768
07379
06312
07651
07013
05651
02011
00816
03464
05343
02420
05585
07717
04410
06168
08968
03701
08754
08405
05014
09217
04365
07756
00522
04282
07110
03150
02369
07901
05753
07385
01783
06523
08718
06875
01173
00839
06644
06928
02487
02465
01162
07409
08834
06283
04792
08959
04220
02155
06836
07900
04679
00732
09183
08736
03515
07830
06027
01580
07439
02669
03222
03528
07496
01514
02889
06986
05579
08548
05368
08961
08684
02322
01050
05940
08711
07286
00773
07672
05499
04263
04328
04252
07366
02740
01769
04095
02001
03808
00138
02093
07788
06719
06347
04171
05146
02319
09259
00770
06323
08473
06953
01859
01839
07718
07818
01380
05049
03593
00064
01699
08960
01359
04153
08387
07662
06238
04618
04400
08898
06344
08131
03917
06092
03020
08730
01066
01452
08039
03340
06721
08403
03228
01899
02777
06432
02723
05250
03108
09007
02852
00694
03207
01817
02728
04207
08560
05887
09165
03503
03388
05632
06042
05327
06696
01965
03154
05941
00212
05596
06630
00941
07652
00059
00071
00556
05259
07359
08331
00534
06666
00565
06271
02695
06972
04336
01678
07263
09282
04397
03325
08696
02339
04505
02585
02305
05525
00189
06775
00300
04342
02736
04131
00472
00115
01222
01818
02406
06239
05640
07963
07178
06753
05312
04967
03319
07527
02183
04016
01643
00887
05278
03606
08772
01480
03806
06227
00369
06394
05384
07539
07353
02707
01565
00944
05154
06034
03708
01931
03925
01179
07554
07370
05191
03245
05131
04707
08633
01260
04836
07411
06361
05122
01647
01001
07344
00403
05171
05690
07715
02550
05101
05856
00570
05624
04624
02427
02688
00902
01358
01356
05407
00427
08463
05070
02227
03802
08543
01411
03734
03834
01604
09107
07419
01899
02522
05197
00920
08685
01232
07259
07943
06593
06516
00984
04339
08765
06147
01293
04005
03409
04751
02724
06861
03472
04161
01029
02640
08312
06479
01264
04437
05121
03527
03772
02091
05365
08718
05162
07695
08006
00613
02141
04717
09283
05906
07586
07605
00928
07895
04562
01349
06136
03383
03611
03666
03705
09210
05556
00877
05203
03072
03097
00439
03278
00365
00402
03389
08674
03876
01472
04538
04849
05718
03742
08362
02264
02254
06075
04976
04200
04496
06625
08132
02744
03371
07358
00460
06891
05700
03079
09222
05559
02181
04738
01712
08665
01430
01456
07971
00853
00875
02192
04580
08851
08326
05184
00568
04120
03541
07438
05236
05459
08525
08755
04723
00923
06302
08192
05080
00537
07608
08958
06143
02248
05714
07723
07255
02685
04897
08303
07010
09030
04060
01593
00766
01643
09059
05636
01189
03595
09074
08331
09224
01929
01760
08693
00052
02427
08925
07481
02438
08216
06870
03632
03957
02006
06164
02629
06949
01875
02416
06387
00511
03293
05266
02032
05556
02674
04220
04326
03588
04181
06257
08014
00681
08555
03552
01356
08457
07330
09083
05062
00493
06052
08250
03314
08090
02073
05270
07459
03798
02678
01098
01616
05264
07698
05209
05267
05134
01803
06748
05677
00561
05578
06287
07443
08591
00329
00276
06547
01897
03974
05697
06417
06518
07856
03780
04860
05820
02753
05144
07217
01186
02295
01202
00214
04151
01393
08614
04368
03627
03043
03496
03319
06197
03931
04439
05275
08005
05770
08626
02480
01547
04557
06870
01780
06256
08169
00840
07290
08802
06762
09139
05323
03272
02685
03662
07796
01615
02422
03404
07338
05468
00341
07785
02170
07986
07430
01982
01709
06016
07206
01852
07045
03226
02757
03202
07415
08780
04102
03373
08679
07164
00749
05414
00958
06084
07885
03076
02967
03161
00265
02707
08518
02184
00518
00505
04899
01566
05428
01395
05390
00083
06543
05007
09092
08139
02512
09294
03648
01074
06395
05113
00265
06570
07468
06750
01029
09172
07635
05681
02323
06747
00922
08644
08091
06716
04870
02765
07618
07579
07945
01102
04029
00008
04390
07743
08369
08203
09192
08173
08381
05682
07269
06578
06054
08672
07256
05910
02184
06602
01926
03613
09192
09158
00337
06931
08541
04368
00891
06193
07386
02663
08569
00544
03790
00416
07237
05752
00370
06719
04300
03500
04769
08835
06684
00406
08051
08495
01737
04743
06508
00402
03334
01104
00029
04899
06207
05442
06404
00940
01576
04665
03344
04049
06405
01001
01677
06658
02672
04470
00621
07778
04231
06522
01565
02826
06911
05363
04951
04402
05448
04560
00176
07854
03052
06274
08283
02881
00582
00020
08408
01831
04815
06640
05892
05238
03115
02083
03986
04124
08202
02621
03655
02892
08635
08799
06420
08578
07499
06750
03892
08444
03163
06865
06924
01544
06596
00455
05390
00488
06659
05986
01782
07950
07628
05496
08106
06500
01000
03112
08482
07603
03324
06113
03008
06125
06027
05712
06682
08804
05747
02060
08216
08459
05700
01383
06441
05304
07193
05359
08330
05716
02254
03514
04582
06416
04661
01540
08714
01741
04405
00496
03964
04742
07538
08546
04852
06505
05355
04460
01883
00860
01840
06167
02456
02726
07089
06837
08113
06108
03331
03721
08891
02957
04780
04504
04146
05030
06179
03779
08823
05495
07316
03222
04805
03011
00314
03951
04454
05368
06906
06400
01147
05745
02238
00191
00312
07026
00207
06972
06254
07506
08511
07615
04832
07216
05895
07454
06464
02748
07576
01890
00146
05232
09211
05106
08767
06087
05615
00358
07036
06135
07694
00831
06251
01336
05799
03194
05371
04225
06319
00327
06980
03378
03965
07799
02330
07275
00104
03551
05827
05801
03888
05566
06579
02339
02920
06209
04300
01861
07947
00485
08128
09244
00706
00269
07042
07229
08046
03067
06763
08753
03863
03102
01665
06369
04480
04871
04625
06600
04744
02044
00295
02690
08626
06621
03462
08528
03637
08498
08615
08779
00978
05794
03994
02097
00442
07567
01929
09008
04701
08046
02134
06453
08613
01534
00711
05931
07297
05149
04113
02674
03357
08647
03733
04359
04151
06436
08274
00560
02836
09145
00129
05822
06253
00455
07116
05689
02422
04808
03767
03068
00748
05798
01209
00964
08788
09146
07569
08016
04451
08182
03817
07333
03413
04624
07831
03055
03522
07451
05501
07081
03527
07151
05913
06577
08344
08937
02660
00556
06178
02373
02560
00825
06484
01065
05571
00756
06919
04487
02652
07363
01139
00622
04334
04597
04950
09090
01375
04568
01656
00798
02405
03109
09257
00515
05783
06697
00714
03480
00032
06679
02166
08417
06728
02633
04097
01061
04346
01081
01484
02412
08882
04237
08792
06817
03436
08115
04134
04561
03821
07043
07072
05785
03011
03603
00505
08086
00699
09082
03819
07192
02709
06264
02454
05708
00663
08466
05422
02819
02072
02401
06085
02865
02885
02474
06807
09095
07647
01581
05771
02617
01004
01483
07231
00059
08478
07087
03229
01243
03426
07419
07920
06513
04910
08205
00346
05099
02778
07620
00624
05076
02246
03434
07300
03071
03033
03261
08243
07692
02895
04625
04699
05751
07704
08826
07208
07250
04880
02021
07504
06071
04179
01893
01777
08870
01586
00032
08766
02945
07676
01253
05470
06314
00528
02590
00428
05905
02792
08131
01177
05063
00019
05886
09236
09247
00509
01260
06224
01657
08427
06061
06053
04873
04346
00040
03613
03645
04596
08275
01894
07911
00918
00603
00472
00566
02809
08079
03153
07980
06872
00191
03325
07834
05312
07392
02284
02484
00063
03554
09203
03523
03992
03827
08982
01697
03439
03439
04253
03225
05073
03910
03650
07812
07814
00214
00620
01772
05343
00776
07610
02507
03448
04874
07762
04999
06018
00123
04722
05070
07231
02496
06132
09189
02251
05356
06894
05284
07619
07287
04584
02981
00913
08271
07079
03965
01858
01408
03575
05999
04932
00633
03365
03338
04037
00604
00620
07884
00657
03263
00773
06410
06992
04026
00959
07140
02239
05107
06373
02309
05013
05512
02395
08714
00239
03875
04487
01016
00246
06482
03372
01765
00193
08471
05941
07170
01957
00101
07332
07731
07108
01537
07139
05199
03895
03931
06241
06738
02397
03808
03443
02997
03738
00577
07329
09037
04417
03127
00443
03112
02312
08315
03468
03021
05217
00708
01318
04823
06634
04300
02154
07337
06137
04247
02043
00737
04338
00008
00470
07384
02941
06363
00380
02795
07872
07315
00179
02768
04233
05633
01063
04014
00478
05713
07510
03030
05758
01866
06476
03203
03740
06950
02121
07519
06102
04451
05133
01745
00635
06353
09253
07922
07839
08028
01968
04903
08697
08802
03828
06424
08108
06243
04756
02164
05767
06745
07231
03726
05370
00367
00511
07276
03629
01082
00649
02519
02924
05912
04069
01331
04033
02889
03530
08340
05995
05367
01354
02210
06716
03525
02545
07165
06254
09096
07564
06370
03951
04075
05142
00163
07766
05165
07891
03414
06323
01009
07072
02605
00230
00014
00738
05553
01961
04773
00139
08378
03572
06825
00044
02755
01502
03321
00825
06327
09094
04768
07920
04655
05103
00382
06285
07018
07642
08551
03736
05220
00857
07239
00047
02555
02314
04146
00486
01517
06806
00825
07309
04403
04472
01868
03154
07182
08229
09122
01829
08582
01929
03088
07397
06335
05002
04683
06468
07415
08498
09246
08606
08678
01307
04575
06620
05224
02170
01490
07152
03635
06052
00656
06226
06061
02865
00054
06230
03868
05775
08715
03529
04417
09179
00974
01397
08943
00704
05442
04604
04798
01493
02844
09073
01413
02430
07486
06415
06620
05231
04235
07624
05374
03951
08507
00550
05794
08523
00762
01957
09205
00408
08117
00028
00546
07556
02964
03218
07490
07978
03318
02985
06267
08496
04307
03037
05496
00645
06240
03711
07826
03897
09058
05714
03034
01752
01429
08056
04236
05544
08108
08371
08588
07642
01255
03918
03443
04616
08753
00198
05029
07734
08420
09142
01454
08611
05977
03074
07739
05276
02881
07253
00280
06359
01454
02034
08708
00266
05843
03609
00757
05974
03321
03144
07829
07039
05263
07600
05258
07702
08033
02031
06595
01834
08287
08923
06387
06454
02796
05152
05355
07464
07868
08657
02304
06926
05243
07752
04899
06093
02681
03477
00806
09107
01539
00448
06861
08414
00034
07874
07489
00004
05232
05715
03100
07186
00632
01217
05630
08653
02531
08548
08296
04431
05489
03785
04067
01170
08653
06396
06408
06433
05303
01834
05900
02692
07292
00783
01271
03196
03703
06863
01813
04516
02058
04124
08913
04272
08159
05940
01646
03703
08155
04284
05004
07279
06210
08632
00998
01699
00341
01243
00654
07451
00044
01175
07941
08384
01582
02674
03227
05439
03660
07956
08219
03162
04744
08309
04577
08870
02088
00315
04073
09089
00850
08461
01653
02940
07725
05624
03707
01489
06045
04439
01409
03086
09109
04286
04506
02806
00259
05239
04486
09045
09158
01472
09113
00564
03596
03865
04632
06299
08262
01023
01989
01967
00453
02163
08239
00848
06862
06109
00199
04047
06007
04377
08098
06310
08673
07303
05058
04689
02446
03439
04179
05626
08009
06352
09168
03024
01056
01754
03615
06648
03109
07491
06300
00812
07673
08147
08317
00677
05939
05296
01754
00031
08902
02953
01720
05628
00221
01775
02163
08802
00956
07131
08803
07476
04504
04475
08795
02667
03531
06455
05862
03056
03535
05308
02928
06830
05309
00815
00595
04594
03750
06869
03123
04547
02274
09151
00516
04835
08841
01434
02992
08385
03663
05353
03817
04157
06996
06342
07976
04777
04225
02299
02688
06351
08774
07309
01806
07419
05329
07836
07614
05276
03883
01835
01492
07807
04963
06696
01404
02359
06952
01867
04240
02769
08253
01870
01961
02672
03528
05288
00334
06702
07134
07988
06581
06549
04707
00011
02990
05864
06313
08619
04325
09146
01356
07918
04148
03021
01065
02854
03695
05312
09012
03810
01153
00676
05752
05411
04228
04245
00005
01118
09081
08613
05606
03301
03761
07718
05361
08261
03708
08733
09041
00790
09229
05420
00131
04227
06014
09283
02681
04978
05591
08975
08114
05601
01293
06476
07406
05242
05385
01813
03839
04163
01440
01516
01466
09138
04109
09247
06965
05172
04188
04177
06610
06363
08553
03482
07688
07178
01456
01154
00673
03629
02256
06895
07901
08817
09206
03242
02302
01701
06433
00967
00937
07568
07136
06817
00121
00339
08353
07663
08971
04432
04929
07666
06838
00608
00417
02501
01857
04326
09284
04898
08731
07489
03179
05668
02923
03160
06522
05618
01556
00466
01139
08635
03336
00837
08026
01256
03830
07756
06584
07139
05810
04208
04637
02458
00199
07143
06674
08895
05831
02664
07043
03035
02858
08587
07747
06175
07812
02826
06366
07007
04557
04715
06876
09290
06304
05525
07988
05939
08087
01737
00430
05926
07147
02604
08363
03314
07644
04122
05167
00383
05093
03079
00338
04616
02882
01020
06268
05107
09062
02218
03894
04946
06707
08554
04267
07094
01753
01180
05103
01764
02132
06158
06899
01716
06166
00281
07302
05645
01601
02791
02105
02970
01685
01316
00495
07683
06655
01558
06351
04248
08947
08073
08550
07647
01416
05661
09100
04650
06410
01579
02707
08192
05683
04107
08493
02109
01266
07479
04896
08245
06014
03349
03431
04038
01176
03062
02979
00062
00397
05851
05291
06002
06568
03038
06334
05078
08911
06451
05444
05607
02703
01670
05156
06671
03413
03812
05717
05289
01889
02885
07495
04216
06668
08247
04133
05162
03794
00438
08266
01318
01589
05461
02157
03110
00896
04434
08049
05687
05696
06459
03774
02431
00970
05448
04090
08965
04539
04833
07849
00313
08140
03471
04428
05127
08389
02047
08968
05130
07678
01691
01399
05590
04126
05602
06476
02219
02016
00885
08965
00797
08651
02507
09022
04244
03797
08409
08361
07513
01092
08802
01872
02704
00405
00426
01535
03418
08935
06964
01755
05899
04961
01814
06780
03724
06956
01237
03088
05553
07632
06490
06553
03781
06020
02474
09121
00673
06112
09063
06276
06197
05920
08755
07523
08303
00020
00850
00588
07276
03117
00798
08203
03431
06682
00223
02656
06706
07863
03701
05494
07669
07475
00457
07028
02399
03963
02148
03667
05787
01757
05131
09045
05819
02763
04580
00961
08440
00261
04742
07439
02423
00707
02444
05003
07792
07554
03473
04786
01477
03175
07096
03253
04226
05626
04755
08487
08779
02589
03292
07686
06992
00886
04316
05718
04896
06005
02261
00054
00757
02443
09259
06868
08117
04281
03236
01891
06826
03533
04132
02560
02156
05432
08013
00098
00236
00428
07975
00743
06953
03849
02884
04577
07747
01215
03191
01385
00387
01614
05967
04727
04438
08419
04060
03191
08203
09031
08185
07348
07468
07087
04417
02336
03693
07083
06667
03944
01319
05015
05630
08734
04344
07703
01979
06389
07996
00214
06519
05168
01854
08939
06556
04979
02057
04201
06382
03763
01457
05090
03263
02850
01106
03503
06516
07883
03030
08470
00364
08304
00508
02897
02188
04009
07437
03115
07337
07488
06252
06357
05389
05320
01103
05259
05169
04119
01380
03388
01284
07410
01202
06856
04082
03311
08788
00110
02620
07957
00084
00211
01539
04261
01642
05942
06760
06532
06684
02009
03022
08357
04482
06692
09180
06829
06799
05238
07382
04210
04226
05445
00287
04942
02275
05235
04590
04245
04750
08343
06817
02166
04463
04825
02912
08591
06317
05183
03927
03795
05217
02957
05878
05129
07694
04881
02298
02199
00685
02024
08160
08949
00239
07300
07231
05252
04928
01734
02903
07688
03661
06959
09137
09066
07323
07320
01263
03595
05429
06348
02852
05566
03047
00984
08221
04811
04736
06074
01235
08070
08259
02413
03005
09235
05180
04360
02271
08397
05913
03613
02829
00107
05536
07542
01565
05205
01371
08420
01252
04672
06455
07881
06844
02796
05699
01332
02191
00092
00533
08279
00156
03954
07187
08301
05523
01784
05096
05606
04595
04251
05210
06956
08660
09082
09156
04228
02671
03559
07472
01730
05679
03518
01502
08993
01310
02103
05485
08275
07352
06875
00696
01569
06548
04898
03158
04405
03212
07929
00047
07981
04476
08003
01690
05892
07172
04294
05159
09004
01135
07887
07682
05284
04387
02806
08131
08585
04646
07917
02053
04320
07180
08916
05169
05768
00564
02224
02264
03867
04649
06773
05246
01583
04158
07737
05366
02023
06717
08758
00611
07486
05552
04351
01689
03644
01146
09243
04444
01261
06382
04704
02663
01555
06543
05380
07833
08480
09168
00047
08157
01933
09123
03772
04995
04281
06408
08581
04530
03919
03795
02666
02259
06416
06839
05745
02788
01281
08283
02254
03159
04568
05452
01602
04826
01909
08645
01586
07523
06696
07815
06562
06692
02010
04769
03263
03548
00102
06618
08655
03230
06163
07826
04203
08736
08880
00240
04847
04369
09203
03791
03694
05439
08767
01772
04784
03295
06680
08447
07799
05135
06761
06306
05422
00258
03550
08014
06090
09221
02080
02873
07590
04338
04963
07571
02089
09061
00714
05077
03071
08710
04314
07200
07660
02757
03381
05351
02583
03990
00090
01535
08938
06941
06847
07560
02772
06727
01317
02264
06059
00668
08468
07349
01376
08093
08767
08372
02046
02206
05072
08373
01994
01716
02974
06159
00587
03224
03835
03900
03493
04595
02913
03498
01288
08014
04933
01765
00622
07839
04320
05853
04249
00907
00997
02389
03963
01800
06939
00642
01280
00435
07724
00310
08244
03358
01840
07924
09179
05696
05905
07884
04190
06837
09015
04036
07379
07545
08068
06055
07749
09130
06233
05975
01653
01581
08757
00382
08365
03307
05796
00277
03751
08313
02071
04040
02193
02882
09099
06987
05021
02445
01426
03303
04112
03629
00327
08022
04978
01118
07067
06195
08757
02623
06546
04549
06365
08035
04489
04631
01472
07506
02992
00606
04586
00763
00100
08016
06877
00942
01942
02884
02200
01015
06460
03836
00978
08300
04874
09250
04626
00950
07355
04816
09138
07963
08878
00198
00665
03056
00972
03893
08377
01456
00433
07615
08209
06057
01796
05366
01864
07751
00287
00348
05641
08439
06944
04411
01656
00835
07994
00545
07253
09108
06476
06795
06335
01034
08077
08716
05227
02416
01232
01263
06296
00106
06126
06421
01101
08167
03791
08149
03558
05501
00522
04945
03479
02473
09041
08281
01513
06065
06865
05460
01895
01208
04110
05735
03702
05492
06363
06402
02998
03231
05418
01222
00409
05932
00159
02657
02557
06522
07928
05353
04787
07399
06901
02172
01350
01871
08841
07226
01035
06256
04905
03501
07719
05746
02272
05793
05318
06852
03409
08988
00531
04577
04865
03129
01300
07002
05321
04565
07366
00749
01756
03275
04378
07527
01637
05157
02687
04667
01665
06257
03212
06133
02900
08434
02165
08847
08842
00156
09250
08843
01297
05014
04804
07615
05686
03473
01009
04079
06142
02295
04099
06720
02150
02387
05740
07763
08371
06381
09001
06884
00740
06823
02642
00736
05345
04953
08142
02254
01330
04574
04376
09241
05009
07463
08233
07424
02525
00642
08784
09005
03644
01713
05280
05608
03552
03944
01854
04732
03382
02270
00389
04010
01359
07383
02063
02697
00812
01068
03345
04431
07946
06071
02838
00394
04680
08401
09116
01549
01541
04014
08057
04194
09285
01669
06586
07168
02728
01463
04774
07317
06102
04238
00182
00558
06122
03949
04992
01032
00886
06169
05958
08018
03879
07084
08921
01770
02102
05199
01048
01601
07899
04452
09043
01231
02183
01969
02204
04740
05874
03211
02761
06944
07899
09111
00800
05534
07944
01855
02693
01272
07721
08006
07558
00480
03540
02421
02913
08748
01171
00237
05934
05772
06683
06950
01148
06996
02233
04463
03627
00796
06619
03309
07311
08375
00725
07543
07024
03841
06422
04618
08822
02318
00931
07593
03733
06324
07426
07037
08134
06373
03663
08975
03636
03414
00376
03877
01930
07232
05140
01326
08206
07133
01223
00228
08104
04147
03076
02576
04289
03588
08752
00649
00111
05914
01723
03372
03045
00903
01021
08608
06496
02757
05823
08561
06578
01363
08715
04400
02554
04404
08606
07213
06293
01794
02582
05533
08556
05088
07069
00924
03276
02437
09145
03658
01215
04139
03637
03522
01636
04991
04888
01639
00279
07652
08637
04363
08275
03836
08300
08423
06040
06784
06829
01066
07341
06451
04571
00540
00511
02350
03538
01173
00220
01015
06722
05933
02144
06007
02125
08003
00158
08546
07360
00286
01103
01665
07507
03766
03211
09032
07182
04887
01076
00584
01919
04776
05441
02605
03211
02235
00769
09164
06585
06241
07038
06598
06935
08191
01081
07692
05483
07406
03838
09031
04985
05672
04799
01494
07552
04816
03915
03596
06570
06300
07818
04628
05050
03251
01966
08595
09297
00505
00733
01007
01365
01698
00664
02222
04559
07843
06061
07075
04019
07501
06092
03147
01246
08494
06189
07353
00988
08774
01062
06886
08604
01405
00630
00395
06149
00402
08003
07889
03267
03672
02037
02803
08902
05014
07141
03152
08403
08818
06933
06536
04274
02163
07909
08153
05540
01143
01803
08119
08451
08264
07636
03556
09283
00823
02896
01682
07716
01339
02700
08067
05582
06112
02315
06112
01965
04052
06538
08643
04843
03528
03434
02982
07139
04164
01072
03657
02711
00208
08711
04071
07822
02314
06870
08698
03592
02873
08176
01513
07484
09245
01438
09098
01393
06942
06896
04685
02120
07948
00869
07960
02490
00964
04318
06659
03422
00544
01830
07347
01506
04092
03199
00658
02503
04828
07875
03634
01459
08088
03130
03976
01851
07756
08665
00949
07670
09126
05313
03435
03717
08833
08126
07621
06557
02198
02234
07769
09299
08242
01734
04980
00782
07512
07640
05193
03996
02223
04284
02238
05315
03227
06881
00458
08303
06404
00183
07004
00762
07379
02564
05331
04039
00137
00028
05568
08916
05627
08554
07973
00526
07816
06124
02023
05787
00767
05490
08130
03244
04745
02104
00345
01649
00463
05671
04017
01430
07397
07766
05800
06136
01886
00702
08902
03814
09139
08039
05156
03238
02795
02774
02082
07439
01049
05397
03956
08692
08230
01145
04481
00811
02675
02288
06979
09037
02556
00874
01183
00958
06795
06090
08115
05025
04302
04279
07319
03238
01211
04416
06958
03208
05069
03985
05694
06247
02617
03800
04411
05642
07261
07245
02800
02969
02646
00978
04405
05098
05536
09219
01152
03070
04650
03354
03255
00273
01919
02907
02500
06827
03685
01178
00205
01173
04158
06321
07335
02332
06848
01830
08533
00913
00155
07386
07313
03490
08088
06417
04154
05753
07158
04874
04630
08275
03042
05302
02668
05480
04299
04473
09115
07065
03369
02777
07545
03330
02725
05413
06906
05840
02014
07146
06329
07232
03552
07368
01969
00547
06511
06207
02102
09065
00976
03827
08879
01787
04887
08443
01300
06241
06763
06391
03482
00685
09167
04858
06158
04071
06579
04520
06367
06958
01184
05232
04879
02324
01721
04170
06776
01194
02261
05160
03670
04699
08362
08486
07001
01612
04905
03012
03361
03892
08298
03936
02965
03450
00551
08305
04821
08192
00271
00244
03185
08062
08064
05245
03452
04393
01422
09086
03970
05333
09284
02156
07964
07775
05201
01571
01658
02400
05768
01041
00799
02511
05261
07863
08454
05512
01117
00549
00317
07540
03290
07631
06170
02581
06491
03032
00515
06734
00050
05466
06614
07199
01902
06356
02154
03729
06305
09090
03730
05441
09252
05915
05944
05896
03415
07394
04203
01719
04889
05918
01834
03644
01823
07022
04572
01585
03761
00910
02612
06712
06477
07900
06329
03124
07333
03004
07616
01104
02277
04683
07111
06538
01346
08138
06930
04312
02606
03139
03445
05067
00747
06316
08336
00223
08891
03917
08124
03948
04606
03398
07119
03078
04348
04298
07651
08637
05207
00818
08492
05589
00178
08213
03283
00823
08516
08336
04060
02434
03862
04167
01620
05676
04715
03128
00940
02267
05253
08196
02977
09020
06078
07768
06741
04125
08427
03845
05680
00176
02098
05176
08312
07103
03659
04142
08307
04249
00243
04367
06154
08987
06808
03118
06428
02923
07361
02098
07285
04865
08518
04523
07753
00947
08658
07753
06025
03241
05385
02673
07956
07699
00849
03850
03999
06815
07829
03212
02207
04214
02983
00619
06657
04535
06619
09228
06392
02802
03625
02148
02163
01844
03486
02418
09230
03064
02876
03412
00495
08474
06243
07018
04658
05792
05239
07459
01422
00469
02951
03692
07035
00336
06041
05219
01368
08413
04168
06929
06005
06631
06787
08372
09067
02914
02740
01837
08389
01028
02281
05562
08496
01359
02956
08148
05899
04397
08530
02399
03028
03689
07378
09243
06094
08226
04135
04823
06419
09230
08455
07509
07575
05501
04424
03398
03176
06464
01580
06592
08206
00793
07130
05066
03370
04617
08757
02315
01487
00921
08037
05923
08949
02538
05741
04955
07817
06996
04482
03924
02346
06794
04619
07580
04962
06260
09162
04097
00594
07665
00151
05922
02245
02933
03405
00680
03811
05651
02641
03942
00238
05856
04360
04854
06913
07060
06557
05633
06768
06598
02399
06585
00246
07452
09288
08609
02514
03185
04758
05261
07981
08882
00453
06897
00053
03526
09204
06265
00551
07518
09145
04527
06095
00263
01126
05757
07620
07381
00825
01409
03551
09232
04780
01695
04078
03985
02772
05374
00330
03098
02585
00259
03490
08491
03401
02027
08903
00898
08585
06057
07009
02846
05988
04376
06651
08988
05773
00567
04767
08979
02842
01283
07426
05179
08879
02245
02054
07884
08480
04417
08051
05485
06833
05630
05224
07443
03636
06313
08991
03412
07358
05942
00204
09183
08303
03459
09134
04397
01832
06812
03397
04571
04463
05994
08152
03909
01994
02379
07071
01087
00482
00084
06205
01668
08479
06443
03939
04651
04857
06640
06821
06852
02013
03958
09095
01444
01210
04254
05096
05605
02027
03421
01743
04684
05269
07744
07930
03636
06475
00926
02336
04420
06062
04193
07324
00565
07924
08997
02640
00815
04069
06618
00564
04859
06604
01929
04603
07921
03752
08698
00061
01912
07610
04169
08288
05611
06944
03716
03968
06547
01868
05581
00973
08427
07231
02401
04891
05247
08374
04049
02066
01311
05651
06312
02790
04099
07273
06798
07214
06464
00721
08531
05916
05534
09257
01033
06344
08972
02843
05561
05294
00210
03983
05541
03739
08453
02266
05668
03291
07719
04971
04109
06389
01838
02292
08382
08269
02194
08774
01525
08547
06911
07890
09153
03386
01051
04864
02608
03171
05614
06346
07056
03351
07697
03775
04389
08600
05678
08850
01282
01797
02759
03441
02784
02701
06064
07335
01344
08913
02539
05482
00891
01278
03839
09227
01324
00435
01292
04043
07703
05021
07802
05974
00026
00644
03288
01803
03605
06394
01754
00720
07351
07850
08632
01562
02035
07043
03335
00405
01245
05328
06217
00112
01523
01456
04127
00727
06560
07939
01979
00970
07788
04543
04612
06895
02525
02297
08664
08141
07418
07528
01628
07236
05263
02345
00467
08340
06716
07942
00129
07037
01431
08749
08819
02570
08305
06724
00176
06483
01345
04121
02630
04237
08326
05372
02647
04568
00830
04826
03140
03552
00803
05275
04933
09000
04453
04496
08431
02201
04603
05334
06382
07888
07344
01291
02238
02263
03894
08114
03442
07006
04883
05079
05648
07156
07702
03621
02420
09294
03937
06783
07912
08611
01473
06202
03513
04603
05791
03904
05800
06496
03535
00748
00052
07802
06382
04499
03143
05191
06734
02511
09284
08296
06249
06323
00185
04660
02130
02288
06467
05280
05554
03047
04220
04548
01479
00349
00451
01555
04267
08765
09262
06920
00144
06419
01648
02542
08447
06888
07763
00989
07247
07145
06523
08663
03549
02681
05685
07559
07282
06207
04255
08995
06129
00991
08800
01438
07549
05796
07508
05916
03015
03671
04265
02811
06023
02515
06121
04360
04836
01840
00293
01227
05928
05738
09259
06032
00381
04047
01049
01102
03413
04686
01285
04190
00049
00751
02024
00357
03036
04260
09195
